2636 3874
578 155 796 218 ,44-

318 323 421 396 20,122.
449 311 527 380 liniti
550 321 647 379 ventri
670 314 746 378 hene
766 313 910 376 mollium.
946 319 978 374 et
991 312 1121 373 ocimum
1144 313 1198 372 tri·

310 411 421 484 20251.
450 417 515 468 tum
541 408 713 486 impositum
744 401 927 484 praecordiis
958 401 1089 484 prodest.
1132 416 1200 460 sex·

449 497 545 557 iarius
572 495 683 555 farinae
715 492 769 554 lini
796 493 931 572 seminia,
963 491 1110 551 sextarius
1137 489 1203 549 leni

451 584 562 665 graeci,
590 599 659 643 cum
681 583 747 661 pari
773 597 914 641 mensura
936 577 1031 639 mellis
1060 595 1097 639 ex
1125 595 1205 658 aqua

450 669 546 733 mulsa
578 670 694 731 decocti
726 668 812 730 calidi
842 670 1038 747 imponuntur
1070 669 1230 746 saepiuss

305 763 423 835 (ronta)
451 759 542 840 aliqui
573 758 688 820 malunt
723 755 845 818 feniculi
877 756 1001 816 farinam
1034 773 1104 816 cum
1134 758 1204 836 pari

451 865 592 908 mensura
615 845 710 907 mellis
733 845 901 923 decoquere
920 852 950 905 et
972 845 1014 904 ita
1036 847 1204 924 imponere.

319 947 424 1011 raiol.
452 935 576 1015 cydonia
608 933 700 995 cruda
731 933 778 994 vel
811 940 895 993 cocta
922 934 1017 993 ceroti
1048 933 1146 993 modo
1170 935 1205 993 in

451 1041 549 1105 panno
580 1022 748 1083 inlinuntur
780 1023 810 1082 et
846 1021 986 1082 calefacta
1017 1020 1205 1100 praecordiis

337 1122 424 1186 aaut.
452 1129 544 1193 super
570 1113 772 1190 imponuntur.
802 1111 895 1171 acori
925 1107 1010 1170 radix
1037 1117 1105 1170 tusa
1133 1125 1245 1170 cum1o

337 1211 424 1274 aona.
452 1201 520 1261 vino
539 1199 751 1265 efficacissime
774 1197 905 1277 prodest.
942 1199 967 1258 is
996 1214 1070 1276 quos
1093 1197 1206 1276 linquit

453 1289 568 1348 animus
582 1294 634 1348 aut
648 1281 801 1366 <quibus>
820 1304 904 1347 mens
919 1284 1064 1346 alienatur
1079 1285 1205 1366 quihus·

453 1394 510 1454 que
537 1377 697 1454 vertigines
725 1374 802 1434 liunt
827 1374 944 1435 cocleae
971 1375 1104 1454 singulae
1134 1393 1207 1436 cum

355 1511 358 1518 .
454 1481 507 1524 sua
526 1472 603 1525 testa
616 1466 703 1524 tritae
723 1481 760 1522 ex
777 1464 858 1542 passi
881 1462 993 1542 cyathis
1012 1465 1107 1523 ternis
1126 1461 1205 1522 cale-

359 1555 364 1566 '
383 1597 389 1610 .
454 1551 530 1612 iacta
542 1554 664 1632 potione
678 1569 733 1630 per
746 1551 810 1611 dies
824 1565 890 1612 vm
908 1550 1025 1612 dantur.
1051 1553 1084 1612 in
1098 1551 1206 1611 eadem
1222 1563 1247 1603 1⁵
1301 1531 1302 1578 ¹

454 1641 606 1700 curatione
629 1639 721 1718 aliqui
743 1638 814 1700 dant
840 1657 895 1718 per
922 1639 986 1700 dies
1015 1641 1148 1718 quinque
1170 1641 1206 1700 in

454 1726 559 1788 eodem
572 1727 659 1788 modo
677 1729 758 1807 passi
776 1730 873 1807 primo
893 1727 939 1788 die
959 1727 1090 1788 cocleam
1103 1745 1207 1810 unam,
1304 1755 1305 1798 r

453 1817 591 1894 sequenti
609 1815 698 1898 duas,
720 1818 812 1877 tertio
830 1829 884 1897 111,
908 1824 1013 1894 quarto
1033 1830 1073 1896 11,
1097 1819 1207 1894 quinto
1305 1831 1306 1878 l

365 1907 408 1942 *‘
454 1921 556 1968 irnmn:
589 1905 632 1964 sic
659 1906 789 1984 suspiria
815 1904 966 1966 tollentur.
1007 1906 1038 1964 iu
1061 1903 1109 1964 his
1141 1904 1205 1964 lan·
1306 1905 1307 1958 l

454 1991 598 2071 guorihus
613 1994 639 2053 si
653 1991 745 2054 febris
758 2011 820 2054 nou
839 1995 878 2054 sit
895 1993 1008 2054 marina
1022 2010 1099 2070 aqua
1111 1991 1207 2054 lavari
1221 2005 1248 2046 2⁰

338 2091 426 2154 aona.
454 2078 527 2142 utile
550 2087 605 2141 est,
640 2082 766 2142 iocineri
792 2080 916 2160 prodest
937 2081 969 2140 in
997 2079 1064 2141 oiho
1087 2082 1206 2142 viverra

347 2177 428 2242 30‚44
454 2167 579 2248 porcelli
597 2168 685 2230 modo
702 2171 838 2230 inassata.
871 2167 1024 2229 stomacho
1044 2168 1206 2230 medentur

187 2248 428 2318 (cfiMarsshllssl
455 2256 573 2317 cocleae
605 2259 631 2317 si
661 2257 727 2317 lieri
758 2264 858 2335 potest
892 2256 1039 2328 africanae
1071 2259 1102 2318 in
1135 2256 1204 2318 cibo

456 2350 604 2422 sumptae:
618 2353 789 2423 coquuntur
802 2347 930 2406 intactae
945 2363 981 2406 ex
991 2363 1080 2428 aqua,
1094 2344 1204 2406 deinde

454 2447 491 2490 ex
513 2433 619 2509 prunis
642 2439 810 2514 torrentur,
833 2441 905 2494 tunc
927 2451 965 2494 ex
985 2435 1053 2494 vino
1077 2441 1108 2494 et
1130 2451 1203 2513 garo
1219 2447 1246 2487 2⁵

454 2518 597 2600 eduntur,
633 2521 739 2600 impari
770 2539 896 2581 numero
928 2521 1073 2582 stomachi
1106 2521 1204 2582 dolori

337 2617 425 2680 todo.
453 2606 620 2668 medentur.
657 2617 785 2687 prosunt
807 2611 888 2670 vivae
917 2609 1033 2670 cocleae
1058 2628 1095 2670 ex
1118 2618 1203 2671 aceto

258 2851 272 2900 1
292 2848 383 2903 ventri
401 2865 419 2922 9
437 2849 519 2920 (Pl.):
537 2850 665 2904 ventrem
684 2850 710 2904 d.
761 2855 778 2903 2
797 2849 827 2906 et
843 2849 997 2921 inpositum
1008 2843 1042 2904 d.
1088 2855 1104 2904 3
1124 2850 1205 2906 lenu-

185 2917 263 2998 greci
281 2917 308 2972 d.
379 2925 396 2973 t
414 2918 530 2974 feniculi
548 2937 565 2975 r
582 2919 627 2988 (cf.
649 2919 741 2975 Marc.
756 2935 788 2992 p.
809 2923 884 3004 1522:
902 2919 961 2976 feni
979 2920 1055 2992 greci
1072 2936 1099 2989 q,
1123 2920 1204 2976 ienu-

220 3001 264 3042 acr
281 2988 308 3042 d.
346 2987 507 3060 BOydonia
523 3007 554 3063 9:
573 2989 698 3047 Oidonea
716 2991 742 3047 d.
788 2990 983 3046 tilhniuntur
1000 2991 1026 3047 al.
1073 2996 1107 3047 10
1126 2992 1206 3046 acori

186 3005 247 3112 gl:
271 3057 359 3114 aceris
381 3060 475 3184 qdqp.
549 3067 581 3116 11
601 3065 638 3117 is:
665 3061 788 3137 His'qd.
862 3067 896 3116 12
916 3062 1017 3131 quibus
1045 3061 1145 3118 addidi
1170 3078 1206 3117 ecc

186 3127 278 3184 Marc.
294 3129 424 3198 (quorum
467 3131 503 3201 t).
520 3133 525 3202 l
545 3149 624 3189 mens
637 3133 778 3190 alienatur
793 3133 837 3188 Pl.
857 3133 962 3203 (Marc.
971 3149 1004 3202 p.
1019 3133 1094 3201 loti:
1113 3149 1203 3188 meus.

186 3201 215 3255 et
232 3198 393 3258 alienantur
410 3202 483 3271 dtr).
543 3210 577 3259 14
597 3220 631 3258 ex
648 3206 725 3275 passi
743 3203 852 3277 cyathis
872 3225 922 3261 ,ιιι
941 3220 965 3259 r.
1027 3209 1060 3259 18
1079 3204 1205 3259 secundo

185 3270 231 3326 die
251 3289 289 3328 .11.
308 3271 335 3327 d.
409 3271 698 3331 trischoena.
724 3273 1133 3345 lvivanaqdhivariarb,
1160 3275 1206 3330 vi-

185 3355 267 3397 verra
286 3342 347 3412 ba).
417 3345 451 3396 22
471 3343 616 3399 stomacho
634 3346 770 3404 medetur.
799 3344 899 3402 Cocles
912 3345 953 3416 qd
971 3347 1007 3416 (et
1024 3345 1161 3401 ucetiam
1174 3362 1204 3398 r:

186 3413 388 3484 stomachoque
406 3411 542 3468 medetur.
575 3413 613 3468 Et
629 3415 699 3470 item
717 3415 773 3472 sii.
787 3433 814 3486 p.
830 3416 941 3471 cocleae
959 3418 1025 3486 etc).
1077 3413 1204 3469 232212τί-

185 3497 254 3536 cane
273 3484 299 3538 d.
373 3487 407 3537 25
426 3485 568 3539 torrentur
585 3499 604 3552 q
622 3485 702 3554 (Pl.):
720 3484 892 3542 torrentibus
910 3487 1040 3541 assantur
1057 3487 1084 3540 d.

952 3780 1307 3825 .„-—-·-'‡³-'fl
