2640 3884
518 217 560 228 -
610 140 681 246 137²
719 217 761 229 -

131 340 241 402 deinde
269 350 416 422 torretur,
449 349 479 403 et
505 345 644 404 universa
672 351 759 406 tunsa
788 352 818 407 et
844 357 926 408 creta
955 349 1041 409 melle

130 431 247 509 optimo
275 433 365 492 mixta
396 430 585 510 subiguntur.
627 441 726 494 rutam
749 437 871 496 venenis
899 439 1041 498 resistere

129 518 278 580 mustelae
301 521 422 601 docent,
445 537 611 598 quaecum
634 522 825 602 serpentibus
848 524 1041 586 dimicaturae

130 607 201 668 cibo
224 608 290 668 eius
313 615 473 670 armantur.
506 607 608 671 do'ouit
630 618 661 671 ct
683 629 736 672 rex
764 614 902 690 ponticus
925 612 1039 674 Mithri·
1085 620 1101 654 *

101 696 232 776 scates,
268 697 320 776 qni
347 715 416 758 cum
444 697 545 758 fratris
573 701 621 760 sui
652 701 773 760 timeret
804 699 926 761 insidias
955 709 1040 762 rueme
1084 748 1087 754 .

132 785 203 846 lolia
222 799 272 846 xx
296 804 365 847 cum
387 785 502 847 duabus
521 786 651 849 nucibus
670 795 700 847 et
723 787 846 849 totidem
865 791 971 850 caricis
994 790 1043 849 ad·

130 875 227 934 mixto
247 874 315 934 salis
334 893 425 954 grano
440 875 560 936 cottidie
579 879 698 938 ieiunus
717 878 839 956 accepit.
873 895 929 938 nec
949 879 1043 938 mino-

131 980 197 1022 rem
227 962 314 1024 nobis
342 981 429 1043 opem
458 972 489 1024 et
516 973 620 1026 contra
648 966 717 1025 vitia
741 968 875 1044 corporis
901 975 1042 1046 praestat.

131 1060 217 1111 aceto
242 1060 273 1112 et
299 1052 365 1113 oleo
393 1071 479 1114 roseo
507 1055 597 1114 mixta
621 1053 745 1114 mirifice
773 1055 906 1116 dolorem
938 1057 1043 1135 capitis

89 1156 117 1196 ιο
131 1142 248 1200 avertit.
288 1140 456 1202 inilationes
480 1141 570 1223 oholi,
597 1145 670 1204 item
693 1145 825 1204 matricis
848 1146 1039 1223 omniumque
1054 1157 1149 1213 Dioge,

130 1230 356 1290 interaneorum
376 1233 475 1290 statim
497 1233 611 1310 mitigat
629 1250 700 1292 cum
721 1231 829 1311 butyro
848 1242 879 1293 et
901 1233 967 1294 oleo
991 1233 1040 1294 dc·
1060 1233 1129 1296 324⁶·

132 1325 217 1378 cocta
245 1326 276 1379 et
303 1320 419 1380 iniecta.
461 1320 497 1380 ad
528 1319 690 1380 lumbricos
719 1321 867 1382 necandos
896 1321 968 1382 utile
997 1330 1043 1383 est

132 1405 233 1466 oleum
265 1407 375 1468 bibisse
404 1410 452 1470 cui
484 1413 550 1468 ruta
580 1410 697 1468 incocta
725 1417 778 1470 est.
824 1412 908 1488 ignes
941 1429 1042 1470 sacros

132 1513 202 1555 cum
222 1499 306 1556 aceto
325 1502 355 1557 et
374 1496 439 1556 oleo
459 1515 581 1556 rosaceo
601 1504 631 1556 et
650 1515 772 1558 cerussa
791 1505 955 1576 temperata
973 1498 1042 1558 ilico

90 1599 118 1639 15
133 1585 289 1663 extingunt.
314 1583 401 1646 datur
416 1592 446 1645 et
460 1604 551 1646 sucus
561 1587 626 1646 eius
641 1593 708 1646 ante
724 1588 925 1646 accessionem
939 1585 1042 1647 biben-

132 1672 190 1733 dus
213 1680 318 1734 contra
346 1673 446 1733 febres
470 1691 538 1734 cum
562 1674 672 1754 frigore
696 1676 858 1736 venientes.
895 1675 974 1736 idem
998 1677 1042 1735 in-

133 1760 261 1822 stillatus
284 1762 426 1822 auriculis
450 1762 541 1824 eiiicit
564 1771 598 1823 ut
621 1766 773 1842 contingat
796 1764 908 1825 audire.

202 1850 382 1911 Stultissime
397 1851 611 1930 quidamrutae
621 1855 690 1913 vitia
705 1852 845 1914 dixerunt
860 1853 938 1932 qnod
954 1871 1040 1914 vene·
1086 1904 1101 1938 *

131 1957 198 2000 rem
219 1938 366 2020 inhibeat,
392 1939 518 2018 genitale
538 1957 640 2002 semen
659 1943 825 2023 extinguat,
847 1943 975 2002 infantes
998 1944 1150 2025 inmisso.)

92 2041 119 2082 ao
134 2036 222 2088 utero
237 2036 333 2088 necet.
359 2028 429 2088 iacit
443 2031 523 2088 enim
541 2029 614 2089 haec
628 2048 689 2090 non
703 2032 775 2110 ipsa,
790 2030 842 2089 sed
857 2033 909 2108 qni
923 2032 1042 2091 virtutis

76 2156 81 2164 ·
116 2109 199 2176 'eius
219 2115 302 2177 obliti
320 2135 376 2176 nec
396 2117 516 2178 modum
535 2135 591 2177 nec
611 2125 728 2196 tempus
748 2119 902 2195 aspiciunt.
931 2125 961 2178 et
974 2117 1042 2178 ideo

134 2213 301 2284 temperare
315 2205 473 2284 prudentis
484 2213 573 2266 estut
587 2203 623 2265 de
634 2205 742 2265 auxilio
753 2221 812 2265 uon
827 2206 877 2266 liat
886 2223 1042 2267 vencnum.

133 2333 347 2343 --.---.---...

204 2382 275 2438 Ruta
291 2384 428 2439 hortensis
443 2384 554 2439 nimium
571 2383 676 2439 virtutis
697 2383 811 2454 calidae,
835 2385 924 2441 omnia
939 2399 1042 2441 venena
1066 2384 1122 2452 (46)

132 2466 247 2540 expellit
269 2481 330 2524 cum
346 2468 408 2522 vino
432 2474 506 2541 pota.
541 2483 622 2524 sucus
645 2467 774 2525 loliorum
798 2470 856 2526 elus
879 2485 940 2526 com
963 2470 1043 2526 melle

92 2564 120 2604 as
134 2552 219 2608 attico
247 2551 377 2626 caligines
406 2552 549 2620 oculorum
577 2552 697 2610 discutit.
739 2569 800 2610 cum
828 2553 908 2609 melle
935 2562 1043 2627 sumpta

132 2635 289 2693 inflationes
311 2637 445 2693 stomacbl
468 2637 550 2694 tollit.
587 2653 680 2694 semen
703 2639 761 2694 eius
785 2640 878 2693 tritum
901 2653 962 2694 cum
979 2639 1042 2692 vino

133 2721 213 2796 potui
236 2719 327 2777 datum
352 2721 485 2778 tortiones
508 2722 609 2778 ventris
633 2721 714 2777 tollit.

206 2895 219 2942 1
235 2891 319 2942 tunsa
331 2904 382 2956 po:
397 2889 489 2943 insol.
506 2889 510 2955 l
526 2888 605 2941 creto
617 2888 716 2956 pobm:
736 2887 859 2942 cn'brcta
872 2888 947 2958 iub).
964 2889 970 2970 Ι
985 2886 1069 2942 melle
1082 2887 1149 2956 pol:

131 2958 212 3013 melli
227 2959 274 3022 rb.
321 2959 504 3014 amustellae
522 2976 545 3013 r.
592 2959 788 3014 tmeiridatos
804 2974 831 3028 p.
877 2957 1149 3028 tnumbusiuglon·

130 3029 215 3085 dibu·
229 3031 274 3086 rb.
291 3031 295 3098 Ι
312 3029 437 3085 admixto
447 3028 609 3084 -cottidie
622 3045 672 3087 om.
688 3032 705 3087 l.
742 3036 759 3084 9
773 3046 854 3086 roseo
866 3046 918 3099 pm
932 3045 1047 3086 rosaceo
1058 3030 1069 3084 l
1082 3029 1149 3098 (rb).

133 3101 137 3173 Ι
154 3100 244 3156 mixte.
261 3103 327 3171 pol:
351 3100 442 3156 mixto
459 3103 505 3156 rb.
557 3106 591 3154 10
608 3103 719 3158 evertit.
748 3099 906 3156 inflationes
920 3101 996 3156 oholi
1013 3099 1148 3170 (inflacio-

130 3172 446 3242 nccmbbzoicpbl.
497 3178 529 3226 11
550 3173 652 3228 buturo
671 3191 696 3231 o.
752 3179 785 3228 13
805 3172 899 3228 oleum
916 3169 1148 3242 mn.r(nocb).l

132 3243 180 3299 oui
198 3245 261 3299 oleo
275 3243 371 3327 rubei.
386 3243 425 3298 sit
438 3245 455 3298 l.
472 3246 477 3313 Ι
492 3245 574 3326 ignes
593 3260 673 3299 coros
687 3246 705 3301 i.
748 3250 782 3328 14
801 3260 912 3299 ceroma
928 3244 995 3327 pol:
1013 3257 1111 3298 cerusa
1124 3242 1150 3310 b,

132 3316 482 3457 {illectionis
498 3315 667 3441 lillis
687 3313 1095 3454 miioldim2i”iitli¹llii
1108 3382 1151 3438 ft

133 3458 192 3514 ciet
205 3459 222 3513 l.
265 3463 298 3512 at
322 3475 392 3526 puae
413 3473 465 3527 seq.
489 3458 521 3510 in
538 3457 594 3510 cod.
620 3457 684 3512 Vct.
702 3459 785 3526 (Mai
808 3459 884 3526 iste)
907 3457 1015 3510 adiecto
1032 3457 1098 3508 aoid
1116 3467 1149 3509 cc

133 3529 254 3599 Apuleio
276 3529 440 3584 Dioscoride
462 3530 612 3596 iterumque
633 3528 761 3597 Apuleio.
