2640 3884
417 821 649 906 Medicina
681 821 841 906 Plinii.

512 955 624 1014 Romae
651 957 745 1016 1509.

453 1154 571 1226 capita
588 1155 671 1212 libri
688 1155 799 1226 primi.

217 1269 230 1322 I
258 1267 305 1322 Ad
323 1269 463 1324 catarrum
485 1267 532 1322 vel
554 1267 589 1322 ad
617 1267 819 1324 abundantiam
844 1269 993 1324 humorum
1016 1269 1131 1338 capitis:
1180 1267 1182 1273 ’

260 1339 376 1409 etquid
395 1338 432 1394 ait
451 1341 574 1394 caterius
978 1388 980 1392 .

206 1411 233 1464 Π
260 1410 307 1464 Ad
325 1409 449 1465 dolorem
468 1409 568 1480 capitis

192 1481 232 1536 ΠΙ
261 1481 307 1534 Ad
326 1480 536 1551 cephalargiam

179 1553 233 1606 IIII
261 1552 307 1606 Ad
325 1551 445 1621 ptyrias‚
465 1553 494 1606 et
511 1550 681 1620 porrigines,
701 1553 730 1605 et
747 1550 870 1622 pruritus
898 1629 902 1642 ι

206 1622 233 1677 V
261 1623 308 1676 Ad
326 1623 420 1678 ulcera
437 1621 467 1678 in
486 1622 578 1692 capite
596 1623 741 1678 manantia

192 1694 233 1748 VI
260 1693 307 1747 Ad
325 1693 481 1764 alopeciam

178 1765 233 1820 VH
260 1764 307 1818 Ad
326 1764 443 1834 capillos
462 1763 649 1834 denigrandos

164 1836 231 1890 VIH
259 1835 306 1888 Ad
323 1835 537 1904 hemycrcneam
557 1837 586 1890 et
603 1838 762 1905 temporum
781 1833 905 1892 dolorem

188 1908 228 1962 IX
260 1906 305 1959 Aci
323 1907 449 1962 dolorem
467 1905 608 1962 auriculae
626 1907 673 1962 vel
692 1922 781 1977 aquae
799 1907 957 1976 ingressum

204 1979 231 2032 X
261 1977 306 2031 Ad
325 1977 450 2033 dolorem
465 1975 576 2032 aunum

188 2049 229 2104 XI
261 2048 305 2101 Ad
323 2048 449 2102 dolorem
468 2047 578 2102 aurium
595 2048 745 2116 antiquum
763 2047 882 2102 fetorem
902 2050 931 2103 et
949 2049 1063 2103 odorem

172 2120 225 2174 XII
257 2118 428 2243 Addaurium
446 2113 672 2174 imbecillitatem
685 2118 732 2174 rel
750 2119 846 2172 surdos
864 2121 895 2173 et
908 2135 955 2173 eos
973 2119 1022 2188 qui
1040 2118 1133 2174 minus

259 2206 295 2243 an
316 2190 377 2244 iuni
506 2239 510 2243 .

163 2262 230 2317 XIlI
262 2261 306 2314 Ad
324 2260 468 2329 parotides

150 2332 230 2386 XIIII
260 2332 304 2385 Ad
323 2331 447 2387 dolorem
466 2331 633 2390 oculorum,

174 2404 227 2458 XV
259 2401 303 2456 Ad
322 2403 417 2458 oculos
436 2402 571 2472 sanguine
591 2401 709 2456 suffusos

164 2474 231 2529 XVI
261 2473 306 2527 Ad
324 2474 482 2544 lachrymas
500 2473 644 2528 oculorum
663 2471 840 2542 stringendos

149 2544 229 2599 XVII
258 2545 302 2597 Ad
319 2543 519 2668 lippitudipem
534 2544 581 2599 vel
598 2545 635 2599 ad
653 2561 701 2599 eos
720 2543 768 2614 qni
788 2547 885 2598 cantos
905 2545 1047 2599 oculorum
1067 2562 1131 2598 con-

258 2615 341 2670 tritos
379 2617 451 2670 aben

140 2685 234 2741 XVIII
260 2686 304 2739 Ad
323 2686 471 2756 caliginem
489 2687 633 2741 oculorum

165 2756 234 2812 XIX
260 2757 304 2811 Ad
323 2756 413 2812 aciem
432 2757 575 2812 oculorum

179 2828 234 2882 XX
260 2828 305 2882 Ad
323 2828 483 2883 lenocinata
500 2827 547 2881 vel
565 2827 601 2880 ad
621 2824 793 2881 cicatricem:
813 2829 841 2882 et
860 2827 984 2882 maculas

91 2915 94 2924 ’
168 2898 234 2954 XXI
260 2898 305 2953 Ad
323 2899 397 2968 pilos
415 2899 558 2954 oculorum
577 2897 719 2954 adulteros

153 2969 233 3024 XXII
259 2969 305 3024 Ad
328 2968 463 3040 caligines
486 2968 619 3042 cgcitates
641 2969 687 3023 vel
714 2969 748 3022 ut
769 2967 924 3024 crassitudo
952 2971 1131 3042 abstergatur

141 3039 233 3094 XXIII
260 3041 303 3094 Ad
322 3040 502 3096 maturandos
520 3039 665 3111 aegilopas
717 3093 724 3102 ,

128 3108 233 3165 XXIIII
260 3111 304 3165 Ad
322 3111 418 3166 ulcera
434 3111 545 3166 narium
564 3113 594 3166 et
611 3111 705 3166 omnia
723 3109 841 3165 vulnera
857 3113 1047 3176 vetutissima

154 3181 233 3236 XXV
259 3182 304 3236 Ad
322 3183 441 3237 latorem
459 3181 569 3236 narium
586 3183 633 3237 vel
651 3180 779 3252 poIIpnm

141 3251 232 3307 XXVI
259 3252 305 3306 Ad
322 3253 490 3323 profluvium
509 3253 619 3307 narium

129 3320 232 3378 XXVII
259 3324 303 3378 Ad
321 3323 485 3394 sanguinem
504 3324 538 3378 de
558 3340 624 3379 nare
643 3322 810 3379 eiieicndum

117 3390 232 3449 XXVIII
257 3395 301 3448 Ad
320 3395 504 3450 stillationem
522 3394 632 3450 narium
651 3412 684 3450 ex
702 3393 818 3450 humore

142 3461 232 3518 XXIX
258 3465 304 3519 Ad
321 3464 422 3522 vitium
441 3465 497 3521 oris

13 3545 15 3620 l
113 3613 116 3618 Ι
155 3533 232 3589 XXX
258 3537 304 3590 Ad
322 3535 416 3618 nrloera
435 3536 490 3592 oria

170 3635 234 3678 Plinii
249 3639 342 3678 iunioris
357 3639 474 3679 medicina
