2588 3886
483 203 525 211 --
574 165 636 230 179
683 203 724 210 —

85 331 109 389 si
136 329 185 388 vel
215 328 292 388 folia
324 328 385 390 sola
412 329 535 390 decocta
562 330 630 389 sint.
673 328 844 390 adnotatum
872 330 903 389 in
924 332 1004 410 ¹piris

83 417 163 495 qnod
192 426 327 496 praeter
354 417 409 478 aha
435 434 523 498 poma
551 409 660 496 corpus
692 419 808 479 nutrire
836 418 1004 482 credantur.

82 505 216 567 Galenus
246 505 390 568 adfirmat
416 509 481 586 pira
507 507 616 566 ieiunis
646 505 743 568 oblata
770 514 905 568 ventrem
935 526 1004 568 cun·
1023 512 1093 568 ubi?

82 596 253 676 stringere,
275 594 383 658 eadem
396 602 465 674 post
482 593 584 656 cibum
598 602 716 674 stunpta
734 595 903 657 dissolvere.
936 594 1005 656 tolia

58 685 185 761 ⁵ignitis
205 683 335 744 admota
352 681 535 748 vulneribus¹
548 690 675 762 possunt
695 685 829 762 mitigare
848 684 1004 746 fervorem.

82 773 166 832 radix
194 774 260 852 piri
285 771 405 851 alligata
431 779 492 833 tam
515 771 566 832 diu
589 770 723 832 creditur
750 779 928 852 conceptum
950 775 1004 834 im·
1050 783 1065 816 *

81 860 188 938 pedire
213 879 381 940 quousque
408 868 554 940 portetur.
591 861 674 922 aiunt
701 868 732 921 et
758 863 823 940 ipsa
847 879 934 940 poma
958 879 1004 922 re·

83 949 233 1013 movenda
256 968 334 1012 cum
356 951 482 1010 feminae
505 948 609 1028 partus
626 947 776 1010 incubuit:
800 952 825 1010 si
847 949 1004 1012 incudem

81 1036 314 1118 innotuerint,
341 1037 502 1102 difficulter
524 1039 604 1100 uteri
634 1037 765 1106 claustra
784 1040 921 1100 reserari.
959 1057 1004 1099 se·

50 1138 72 1177 10
83 1143 152 1186 rnen
175 1129 325 1206 pirorum
349 1145 418 1189 cum
435 1126 527 1188 ⁴melle
550 1127 714 1188 contritum
731 1135 762 1187 et
785 1145 872 1206 saepe
895 1129 1023 1206 ieiunisl

85 1213 188 1276 datum
212 1216 365 1277 traditum
388 1214 522 1276 dolorem
544 1217 653 1278 iecoris
677 1215 869 1278 submovere:

151 1415 247 1473 XLI.
284 1417 335 1472 De
357 1415 449 1472 malo
473 1417 626 1486 penato.

152 1532 197 1594 De
227 1536 338 1614 punici
365 1533 471 1595 arhcre
504 1533 583 1612 quud
611 1533 671 1592 vim
702 1535 858 1613 stypticam
890 1533 1006 1594 obtinet
1037 1542 1075 1597 D.

88 1637 192 1682 omnes
218 1624 287 1684 fere
308 1623 415 1683 medici
438 1640 497 1683 una
515 1624 653 1702 opinione
673 1623 871 1684 consentiunt.
900 1641 1005 1683 verum
1016 1619 1103 1682 1,151.

88 1709 118 1768 in
140 1711 209 1790 ipso
235 1730 350 1792 genere
369 1729 526 1791 pomorum
545 1711 701 1772 dissonans
719 1713 813 1772 virtus
833 1719 864 1772 et
887 1711 1004 1790 quadri-

89 1882 311 1896 -———-——0——-

59 1948 79 1987 15
153 1941 288 1999 Pircru'm
317 1948 412 1998 natura
438 1943 573 2016 styptica,
601 1957 703 2016 genera
730 1941 824 1998 muita.
874 1942 1002 2016 quaedam
1023 1951 1077 2018 (67)

90 2025 167 2081 acida
185 2026 330 2084 hahentur
352 2025 482 2100 quaedam
504 2025 626 2082 dulciora
642 2025 772 2098 quaedam
788 2033 905 2084 austera.
936 2041 1006 2099 quae

91 2118 155 2164 sunt
177 2111 260 2168 achia
283 2109 382 2167 hahent
403 2109 504 2184 aliquid
531 2109 645 2180 caloris,
676 2110 746 2167 unde
767 2107 929 2184 plerumque
951 2109 1005 2166 dis·
1053 2131 1055 2134 ·

92 2192 204 2252 solvunt
226 2195 373 2274 statuaeho
395 2194 537 2252 inhaerens
560 2193 658 2268 flegma
681 2193 880 2254 densissimum.
918 2193 1005 2251 dulcia

93 2293 160 2348 quae
182 2289 254 2337 sunt
276 2280 367 2354 aquati
383 2287 411 2336 et
432 2277 515 2335 soluti
530 2279 636 2355 saporis
658 2276 725 2334 nihil
746 2280 773 2333 in
796 2294 825 2335 se
847 2295 936 2353 neque
958 2279 1006 2335 iri·
1040 2295 1043 2298 ·

60 2368 81 2409 ²⁰
94 2360 149 2432 gidi
171 2379 266 2439 neque
288 2362 366 2422 calidi
388 2364 538 2424 continere.
569 2379 602 2422 ex
624 2362 723 2438 quibus
739 2363 854 2440 singulis
877 2380 928 2438 pru
951 2363 1005 2422 dis·

93 2446 204 2505 crimine
228 2464 363 2524 generum
378 2456 406 2506 et
427 2449 589 2508 necessitate
607 2463 749 2506 causarum
764 2447 911 2506 ordinanda
926 2449 1004 2506 etiam

95 2527 214 2589 subsidia
243 2531 431 2592 medellarum.
467 2540 576 2590 austera
598 2540 627 2588 et
642 2532 726 2608 ⁸acida
753 2534 781 2590 in
807 2533 871 2589 cibo'
896 2539 1004 2604 sumpta

94 2617 238 2675 stomacho
261 2619 440 2687 conveniunt,
464 2617 537 2673 sitim
560 2624 683 2674 movent:
718 2616 807 2672 dulcia
829 2616 857 2672 in
880 2614 1004 2672 omnihus
1111 2691 1112 2695 Ἰ

96 2704 242 2758 contraria.
280 2709 342 2758 ante
365 2699 453 2758 cibum
481 2711 590 2775 sumpta
611 2709 732 2757 ventrem
754 2701 910 2774 stringunt,
940 2708 1005 2772 pust

62 2791 85 2832 ιι
97 2779 183 2840 cibum
206 2785 328 2844 solvunt.

96 2894 309 2912 ''Q—..ffl-

167 3027 181 3075 1
203 3023 321 3080 decocta
337 3023 427 3092 nutat:
454 3021 580 3078 discocta
601 3022 647 3077 rb.
711 3028 727 3078 2
747 3021 897 3078 credantur
914 3023 1004 3092 qvid:
1032 3023 1112 3078 ciun-

98 3085 141 3142 tur
158 3094 203 3148 rh.
265 3093 434 3150 autumat
454 3091 541 3150 etiam
558 3092 681 3149 Galenur
699 3093 745 3149 rh.
766 3095 771 3164 Ι
796 3092 930 3150 Gaiienus
949 3095 1013 3163 tte).
1034 3096 1039 3163 1
1064 3095 1112 3150 ad-

99 3154 189 3218 imae
205 3181 243 3234 yn
262 3164 343 3234 (dicit
359 3165 396 3234 d).
414 3166 573 3234 tranitem:
595 3180 727 3220 venerem
746 3165 756 3218 i
773 3165 841 3234 (nun
858 3165 896 3235 d).
959 3170 975 3220 ὁ
993 3169 1113 3234 possunt

98 3231 253 3318 natatem.
271 3238 317 3320 rh.
372 3235 487 3319 tnrudix
504 3251 571 3291 vero
590 3253 617 3318 ρ.
635 3236 702 3318 rh!
722 3235 822 3318 tandiu
840 3235 939 3319 tandiu
955 3237 1087 3319 celeth).
1105 3236 1109 3309 Ι

100 3304 280 3435 ἒωῖιῖᾱὲῗνῖἷ
298 3325 331 3448 ι111
328 3306 429 3434 &22¹3
445 3305 703 3447 amspet'ghm
715 3325 756 3434 1²5¹
771 3306 1112 3462 {ghu'nffuffiuffihd'en-

100 3438 159 3498 tum
175 3449 219 3506 rh.
271 3456 303 3504 11
322 3449 458 3505 tractatum
476 3449 523 3518 (ee.
542 3450 596 3518 ert)
614 3450 733 3519 yc(rh):
752 3447 874 3506 tradatur
892 3449 933 3502 ld.
986 3454 1019 3504 12
1034 3451 1110 3520 styp-

102 3508 156 3569 tica
172 3534 200 3576 v:
218 3519 361 3593 stipticum
378 3536 405 3591 n.
421 3520 426 3592 Ι
442 3520 553 3590 optinet
569 3521 638 3590 vil)-

896 3607 952 3661 12*
