2636 3874
573 171 791 235 „33-

512 355 659 413 xme.
683 355 890 424 sanguinem
913 352 1178 419 reicientibus..

309 491 414 555 atton.
510 471 542 535 Si
562 494 598 535 ex
617 476 675 535 alto
692 475 879 554 praecipitati
900 481 983 556 sunt,
1006 471 1194 534 millefolium
1306 467 1307 526 3

443 563 530 624 datur
553 562 715 624 bibendum
743 582 780 624 ex
807 569 900 623 aceto.
937 569 1072 623 cruenta·
1090 579 1193 622 excre-

327 667 415 730 29,43.
443 651 562 713 antibus
585 654 716 732 quinque
745 668 869 713 ovorum
896 650 1022 713 modiola
1046 649 1140 712 cruda
1161 651 1195 710 in

336 757 415 821 29,4v
443 743 503 802 vini
529 741 649 802 hemina
674 742 881 820 propinantur.
922 741 948 800 si
976 747 1006 800 et
1032 738 1195 818 purulenta

311 827 373 896 (om-
388 829 414 898 r)
444 832 504 891 sint
531 829 635 890 eodem
669 836 816 912 tempore,
848 845 937 889 ovum
966 827 1095 889 crudum
1123 837 1221 888 cum⁵

443 921 508 999 pari
528 917 680 981 mensura
710 920 795 999 porri
827 919 930 979 sectivi
963 919 1027 978 suci
1059 918 1193 994 itemque

263 1084 265 1087 ¹
329 1021 415 1085 aaut,
443 1007 543 1087 graeci
571 1007 667 1068 mellis
695 1008 869 1069 calefactum
895 1007 1040 1067 hauritur.
1078 1004 1115 1065 ad
1144 1022 1194 1065 ex·
1306 1013 1307 1082 y

444 1097 627 1158 creationem
641 1103 796 1158 cruentam
810 1095 927 1156 cocleae
948 1095 1037 1158 elisae
1052 1100 1196 1154 teruntur

297 1192 415 1262 (23,1o1)
443 1192 474 1244 et
497 1203 533 1245 ex
556 1203 632 1264 aqua
655 1184 806 1247 bibuntur.
844 1183 967 1264 prodest
994 1202 1069 1263 aqua
1093 1191 1196 1264 potata
1223 1183 1225 1188 ’

328 1288 414 1352 tout.
443 1291 502 1352 qua
533 1275 651 1334 cotonia
679 1273 802 1333 decocta
829 1280 908 1333 sunt.
942 1273 1059 1334 cocleae
1082 1272 1199 1335 inlotae
1210 1285 1235 1323 1⁰

443 1379 480 1421 ex
503 1379 579 1439 aqua
601 1364 715 1423 marina
738 1368 909 1439 coquuntur
932 1364 1025 1423 etita
1048 1361 1193 1422 devoran-

343 1458 379 1514 ib.
443 1456 501 1510 tur.
545 1450 662 1512 cocleae
686 1468 754 1513 cum
782 1451 868 1511 testis
892 1451 954 1510 suis
982 1451 1069 1511 tritae
1094 1447 1195 1510 addito

310 1556 415 1618 atlas.
443 1557 532 1599 croco
561 1538 700 1600 eduntur.
743 1537 883 1618 spongiae
910 1539 990 1598 afrae
1018 1539 1094 1599 cinis
1124 1556 1195 1598 curn

328 1644 415 1707 nouo,
442 1629 526 1706 porri
549 1629 653 1689 sectivi
680 1645 753 1688 suco
782 1625 929 1687 sorbetur.
965 1627 1050 1706 porri
1073 1627 1195 1705 capitati

311 1731 416 1794 22127.
443 1732 534 1775 sucus
567 1733 636 1776 cum
668 1715 762 1775 farina
800 1717 877 1776 turis
905 1713 1053 1776 sorbetur.
1086 1711 1194 1775 ¹larina
1210 1725 1234 1764 1⁵

449 1820 508 1881 qua
535 1803 654 1865 chartae
682 1803 865 1882 glutinantur
892 1802 985 1863 calida
1012 1805 1043 1865 in
1071 1801 1196 1864 modum

171 1894 421 1971 *(cf.Marc.p.118)
449 1890 621 1953 sorbitionis
648 1894 784 1954 sumitur.
821 1909 897 1971 aqua
923 1893 955 1952 in
982 1910 1041 1970 qua
1068 1907 1136 1952 rosa
1165 1897 1216 1952 et'

447 1987 516 2040 ruta
538 1987 568 2041 et
590 1980 736 2060 hysopum
759 1979 881 2041 decocta
903 1987 974 2041 sunt
995 1982 1064 2041 vino
1087 1982 1193 2040 misce·
1305 2043 1306 2056 y

313 2077 418 2140 20,241.
447 2075 497 2128 tur
511 2075 541 2130 et
559 2069 599 2130 ita
616 2071 702 2148 potui
715 2071 899 2148 propinatur.
927 2067 1072 2129 marrubii
1085 2084 1193 2147 scopae
1305 2067 1306 2084 ¹

446 2175 514 2218 cum
536 2159 643 2237 panico
666 2175 741 2236 aqna
764 2156 973 2235 decoquuntur
996 2171 1089 2236 eaque
1118 2173 1194 2235 aqua
1210 2168 1236 2207 2⁰

328 2255 416 2318 23,11.
444 2245 564 2307 bibitur.
593 2265 665 2308 uvae
681 2248 711 2307 in
726 2246 855 2306 vinaceis
870 2251 1002 2306 servatae
1022 2253 1107 2324 aptae
1123 2251 1194 2304 sunt

328 2341 416 2406 aava
444 2333 653 2394 excreantibus
682 2336 864 2414 sanguinem.
901 2332 1022 2395 oleastri
1049 2331 1119 2393 lolia
1143 2333 1192 2393 de·

356 2423 371 2458 *
444 2429 616 2500 coquuntur
634 2440 671 2482 ex
689 2421 820 2482 melleet
840 2421 948 2483 dantur
963 2420 1107 2482 coclearia
1126 2421 1193 2482 tria.

310 2518 416 2582 235100.
443 2509 557 2589 palmae
580 2509 732 2571 thebaicae
756 2509 895 2572 eduntur.
937 2509 1054 2571 cotonia
1076 2515 1194 2570 matura
1304 2553 1305 2576 y

311 2607 415 2671 aaut.
444 2596 624 2660 devorantur
643 2597 742 2660 cruda.
770 2599 869 2660 nuclei
887 2597 1106 2678 amygdalarum
1124 2615 1194 2658 oum
1209 2609 1236 2650 2⁵

268 2687 355 2761 (2232
371 2687 416 2757 -Ι-)
444 2687 542 2747 amulo
560 2695 591 2748 et
604 2695 768 2748 mentastro
785 2686 973 2748 devorantur.
1001 2703 1104 2746 semen
1118 2688 1193 2748 urti-

310 2785 415 2849 23‚159.
444 2793 494 2836 cae
523 2783 574 2841 aut
601 2778 690 2856 myrti
718 2777 880 2837 contritum
911 2776 943 2835 in
970 2775 1038 2834 vino
1070 2773 1193 2836 bibitur.

248 2940 289 2995 at.
309 2941 353 2996 Aa
371 2946 535 3014 sanguinem
553 2945 702 3002 reicientes
720 2945 747 3002 d.
802 2951 819 2999 4
837 2943 946 2999 himina
963 2961 994 3014 p,
1017 2941 1113 2998 emina
1130 2945 1159 3000 d.

177 3014 194 3065 6
208 3010 431 3083 septiviram,
450 3017 520 3072 secti
537 3015 567 3071 in
581 3032 646 3071 suco
665 3017 692 3070 d.
743 3022 759 3070 8
774 3014 872 3071 elisae:
891 3014 963 3070 elixo
977 3015 1019 3084 pd
1028 3016 1062 3084 (r,
1072 3013 1195 3072 elixatus

85 3091 89 3098 '
180 3079 708 3159 M.p.1ro).cs.1>t.aempucerta
726 3086 819 3142 tritae.
884 3091 918 3140 10
937 3100 993 3154 qua
1010 3101 1040 3155 9:
1059 3083 1109 3141 ubi
1127 3085 1192 3154 'dbl

178 3151 290 3207 colonia
311 3169 342 3222 9:
368 3153 474 3211 cilonia
491 3158 518 3212 d.
563 3163 595 3212 13
614 3172 695 3212 croco
723 3158 767 3227 (vt
788 3171 876 3238 sopra
893 3173 925 3224 p.
944 3157 1034 3224 32,12)
1052 3156 1149 3226 polu).

178 3225 212 3278 16
237 3223 320 3278 calda
342 3239 368 3296 p.
442 3231 475 3281 19
493 3226 628 3283 Marruuii
644 3245 676 3298 p,
702 3227 825 3282 marubii
842 3228 869 3281 d.
942 3232 977 3282 20
1000 3243 1063 3281 cum
1091 3225 1196 3297 panico

117 3343 121 3350 .
178 3294 681 3368 aqun(Pl.):cumpanepb,cum
699 3297 820 3366 equod.
892 3303 925 3352 21
945 3296 1062 3352 νίιιαοίἱε
1080 3297 1130 3368 pal.

178 3369 212 3417 22
231 3366 426 3422 excreantibus
438 3367 491 3437 pb:
510 3367 545 3424 -ti
558 3370 586 3424 d,
635 3375 670 3423 23
685 3367 789 3423 dantur
801 3367 973 3424 coclearibus
987 3367 1057 3437 (sine
1069 3370 1196 3437 numero)

134 3485 136 3489 ,
179 3433 225 3488 Pl.
296 3443 332 3493 24
360 3438 473 3508 cylonis
490 3455 520 3508 p,
547 3437 652 3494 cilonia
673 3439 700 3492 d.
773 3444 808 3492 26
835 3437 956 3495 Noouloi
972 3454 997 3509 p.
1024 3440 1028 3508 Ι
1058 3439 1196 3511 amygda-

180 3505 273 3561 lorum
295 3510 344 3579 pol.
409 3515 444 3565 26
470 3509 566 3566 amulo
589 3510 631 3580 ud
658 3508 753 3579 (amilo
781 3510 820 3579 b):
848 3510 932 3565 anulo
955 3526 979 3566 r.
