2636 3874
536 211 755 275 -35-

138 371 271 434 adhibito
299 389 335 432 cx
362 373 430 432 vino
459 372 552 434 calido
581 373 613 433 in
636 372 757 433 modum
780 373 886 453 malag-

18 451 22 460 ’
137 464 227 522 matis
258 468 450 541 temperatur.
497 462 591 523 farina
621 460 786 522 hordeacea
819 480 887 523 cum
915 473 1019 537 aalma.

137 550 195 610 lico
219 557 293 610 tusa.
330 548 470 610 lenticula
499 551 531 609 in
553 557 637 610 aceto
661 549 800 611 discocta.
838 551 887 612 llci
914 561 1018 625 natat.

136 637 208 699 lolia
231 645 261 698 ct
283 640 347 717 ipsa
369 655 457 718 poma
480 640 629 698 inmatura
652 640 788 700 contrita.
825 657 884 700 am·
913 649 1030 722 *(om.r)
1054 655 1142 721 napa.

106 727 307 786 amoniacum
330 743 398 787 cum
421 726 507 787 melle
534 729 715 806 impositum.
751 729 886 807 ¹iuniperi
913 735 993 799 ahot
1011 730 1072 802 (oro.
1087 732 1112 801 r)

136 831 241 876 semen
264 833 300 874 ex
319 815 384 874 olco
408 813 551 875 inlinitur.
584 813 653 874 folia
672 814 731 875 alni
754 833 791 876 ex
810 833 885 894 eque
914 827 1000 891 2454.

136 902 265 964 ferventi
279 901 411 962 remedio
426 904 501 963 liunt
514 905 634 963 tumori.
662 921 786 964 ovorum
804 904 885 964 lutea
913 915 999 974 nato.

136 1009 207 1052 cnm
234 989 319 1071 adipe
343 992 480 1051 anserino
504 999 534 1051 et
561 994 684 1052 rosacio.
727 991 766 1052 lel
794 995 883 1054 tauri·
913 997 1048 1068 (adnata)

134 1095 209 1140 num
223 1079 269 1139 vel
284 1081 439 1158 caprinum
452 1078 596 1142 inlinitur.
615 1079 723 1160 butyro
734 1089 785 1141 aut
798 1081 883 1161 adipe
912 1093 1018 1156 tanat.

94 1183 121 1222 ro
136 1169 241 1228 ursino
277 1167 486 1246 perfricantur.
546 1167 771 1246 opisthotonum
807 1169 884 1229 levat
947 1172 984 1226 ib.

134 1258 222 1316 ruina
239 1255 346 1334 ‘caprae
366 1255 488 1317 auribus
507 1256 613 1317 inlusa.
641 1257 729 1317 limus
744 1260 883 1338 caprinus
946 1259 983 1314 ib.

134 1360 204 1404 cum
218 1342 315 1404 bulbis
334 1343 478 1405 inlinitur.
506 1343 732 1422 opisthotonicis
747 1362 783 1405 ex
804 1345 883 1406 milvi
911 1356 1016 1420 30,110.

133 1433 265 1492 iocinere
289 1431 372 1491 arido
395 1438 458 1492 tres
486 1430 566 1492 oholi
594 1434 626 1492 in
649 1431 746 1493 trihus
770 1433 883 1513 cyathis
925 1499 928 1508 ,

132 1536 227 1598 aquae
250 1518 362 1582 mulsae
391 1518 513 1581 hibendi
540 1519 656 1581 dantur.
694 1519 784 1600 adeps
807 1521 882 1600 lupi·
911 1531 1015 1596 28334.

92 1623 118 1662 15
132 1625 192 1668 nus
222 1606 336 1668 utiliter
363 1606 506 1669 inlinitur.
543 1610 575 1668 in
603 1609 754 1670 cervicum
781 1608 883 1670 dolore
910 1620 998 1685 napo.

131 1694 260 1775 poplites
284 1694 398 1757 utiliter
425 1696 583 1778 fricantur,
612 1704 644 1758 et
671 1715 688 1758 e
711 1696 829 1758 diverso
852 1700 884 1759 in

131 1784 279 1863 poplitum
310 1782 412 1844 dolore
446 1785 593 1846 cervicem
623 1786 726 1846 fricari
757 1785 883 1848 remedi·

133 1890 185 1932 um
208 1880 263 1932 est.

197 2017 306 2074 m.
330 2017 492 2074 Homeris
515 2021 550 2075 et
571 2019 748 2077 lateribus.

198 2133 356 2196 Dolorihus
394 2135 589 2198 humerorum
625 2136 768 2198 mustelae
805 2139 881 2197 ciuis
908 2148 995 2211 auat.

89 2237 116 2278 to
129 2240 201 2284 cnm
228 2241 283 2282 ovo
309 2223 452 2284 inlinitur.
495 2223 537 2284 sal
566 2227 598 2284 in
628 2243 714 2285 sacco
741 2242 778 2284 ex
805 2242 880 2302 aqna
908 2236 1015 2297 autea.

130 2312 259 2372 ferventi
281 2311 441 2372 calefactus
464 2310 599 2373 adicitur.

78 2395 84 2404 '
196 2397 276 2459 llaec
305 2418 381 2478 quae
415 2418 505 2479 supra
535 2403 645 2482 scripta
677 2410 748 2463 sunt
774 2401 879 2463 codem

200 2619 331 2677 lnddito
349 2639 365 2676 r
384 2622 460 2691 (Pl).
486 2624 491 2691 Ι
516 2639 550 2678 ex
573 2623 638 2680 vino
662 2641 685 2678 c.
704 2625 742 2680 in.
760 2626 878 2682 mmai.
897 2629 933 2682 t:
951 2629 992 2683 sic
1008 2629 1143 2686 etMore.

122 2692 388 2762 p.127(om.Pl.).
461 2693 549 2749 illico
566 2711 597 2763 9:
620 2695 675 2748 ficu
693 2695 741 2752 db.
767 2698 772 2766 Ι
795 2697 859 2753 tuso
877 2698 919 2765 φά
941 2699 1034 2767 (tunsa
1052 2716 1076 2767 r,
1095 2703 1144 2770 qut·

127 2761 192 2816 odd.
210 2761 388 2832 impunitum:
416 2762 492 2819 sicca
511 2764 556 2819 Pl.
579 2767 655 2847 (cum
677 2765 733 2820 ficu
753 2767 834 2822 eride
855 2768 941 2822 tunsa
959 2768 1014 2838 M).
1040 2770 1045 2839 Ι
1073 2770 1145 2827 Len-

125 2831 196 2887 ticle
212 2847 238 2902 q.
310 2833 456 2903 tetipse
477 2850 648 2917 pomomm.
667 2836 705 2904 pb
729 2837 790 2906 (ooo.
809 2854 842 2920 rt
866 2839 1145 2910 cfiMarc.p.127:

125 2902 173 2957 lici
199 2901 269 2958 lolia
291 2905 321 2958 et
347 2906 584 2989 pomocmsdem
602 2905 703 2988 immi:
732 2909 761 2962 et
787 2907 874 2978 ipsius
901 2907 1054 2968 immaturo
1081 2915 1143 2983 (om.

124 2974 701 3116 conluuionem
718 2978 925 3121 tour..
952 2982 1145 3109 fultus

161 3115 267 3169 'thuni
283 3131 313 3185 p:
341 3117 406 3171 euni
423 3117 471 3172 db.
547 3117 634 3172 olel:
661 3118 775 3174 fimum?
794 3122 829 3188 cf.
850 3120 895 3176 Pl.
919 3125 1024 3192 28,234.
1051 3127 1055 3194 Ι
1080 3127 1142 3180 iau·

124 3186 217 3240 riuum
243 3186 290 3241 vel
316 3201 367 3242 om.
386 3203 408 3242 r.
505 3189 667 3243 9Butmee
695 3189 756 3260 (alc)
783 3206 814 3259 9,
846 3192 943 3247 Butiro
970 3193 996 3248 d.
1023 3197 1027 3264 Ι
1053 3196 1141 3250 autb

125 3255 207 3325 (Pl.):
226 3259 256 3311 et
267 3258 311 3326 qd
329 3259 388 3324 (seu
406 3259 440 3325 r).
491 3264 526 3314 1o
544 3256 764 3329 epistothoniem
781 3262 824 3330 pd
842 3262 913 3331 (nia
927 3264 943 3318 d
957 3279 993 3322 ac.
1007 3265 1138 3346 lavatur).

196 3331 229 3379 12
249 3325 471 3397 Opistothonicis
489 3329 580 3399 part.
606 3328 611 3397 1
641 3345 675 3383 ex
693 3330 803 3414 m1l1juo
826 3333 918 3390 cincre
935 3349 966 3402 9,
991 3350 1025 3388 ex
1042 3334 1141 3390 miluo

124 3394 243 3464 (milivio
261 3397 288 3466 b)
307 3398 399 3454 cinere
417 3398 437 3453 d
443 3399 459 3453 d
479 3401 523 3469 (ex
540 3397 663 3455 iocinore
681 3401 762 3457 milu
779 3404 813 3471 r).
878 3408 910 3457 17
931 3402 1068 3458 cervicem
1086 3405 1138 3473 phe

124 3483 182 3522 -ccu
200 3467 226 3521 d.
298 3469 340 3524 tit.
360 3469 405 3523 Ad
423 3469 553 3525 humeros
571 3470 708 3526 otiatura
726 3472 752 3527 d.
826 3478 860 3527 20
879 3488 945 3527 ovo:
964 3487 1029 3527 cern
1048 3472 1096 3529 Pl.

125 3543 158 3590 22
170 3542 310 3607 -paop
325 3553 375 3594 om.
394 3556 417 3593 r.
456 3545 490 3594 22
505 3540 611 3611 ncriptn
623 3555 653 3610 9:
674 3541 784 3596 dictaei
802 3543 889 3610 (Haec
907 3542 1082 3613 praescripta
1100 3543 1135 3612 d).

938 3625 974 3682 3*
