2654 3878
506 199 725 266 „51-

101 359 245 422 nuendos
262 359 475 440 pellendosque
495 360 612 424 cocleae
631 364 735 425 inanes
754 371 854 425 conte-

99 457 227 511 runtur.
265 448 487 511 combustarum
506 452 581 512 cinis
604 454 636 512 in
653 455 774 532 potione
797 452 854 513 cal·

100 538 192 599 culos
223 537 315 616 pellit.
357 538 448 618 lapilli
479 541 530 618 qui
562 542 593 600 in
624 541 856 619 gallinaceorum
883 550 971 613 31161.

98 629 206 688 vesica
228 633 279 688 aut
301 629 332 687 in
350 625 558 706 palumbornm
577 624 787 710 <ventriculo>
811 633 854 691 in·

71 724 84 765 ⁵
99 717 268 776 veniuntur
278 717 398 777 contriti
406 719 520 795 potioni
531 719 753 797 insperguntur.
768 719 855 780 fimus
918 718 954 773 ab.

98 803 315 884 palumborum
345 807 377 865 in
408 804 572 867 sorbitione
601 824 636 865 ex
665 806 730 866 laba
763 807 856 868 fracta

99 891 227 953 bibitur.
265 893 381 954 cicadas
400 901 493 954 tostas
511 896 542 955 in
560 894 668 974 patella
690 897 722 956 in
740 898 854 960 uesicae
883 903 970 967 30‚68.

99 981 208 1042 dolore
232 981 304 1042 utile
329 990 375 1043 est
401 981 512 1043 bibere.
550 991 652 1044 contra
680 1002 784 1045 omnes
807 1003 854 1059 ve·
918 983 954 1039 it.

100 1073 186 1132 sicae
209 1070 398 1132 difficultates
417 1073 493 1132 cinis
515 1071 684 1150 plumarum
702 1073 854 1152 palumbo-

62 1171 87 1210 10
100 1177 176 1221 rum
202 1159 336 1220 ferorum
363 1177 399 1220 ex
423 1168 505 1221 aceto
534 1159 629 1222 mulso
659 1160 781 1223 bibitru.
818 1161 854 1222 de
917 1159 955 1214 ib.

101 1247 176 1309 nido
199 1247 368 1309 hirundinis
391 1247 508 1328 glebula
529 1249 585 1310 luti
608 1250 700 1311 diluta
724 1269 760 1311 ex
780 1269 855 1331 aqua

101 1336 201 1398 calida
227 1335 348 1398 bibitur.
388 1343 542 1399 turturum
569 1339 657 1399 limus
689 1358 726 1399 ex
757 1339 854 1400 mulso
917 1337 955 1392 ib.

102 1425 248 1487 decoctus
275 1427 447 1506 imponitur.
489 1429 629 1488 convenit
655 1426 761 1487 turdos
789 1445 854 1487 esse
917 1424 955 1479 ib·

101 1532 177 1576 cum
207 1513 289 1575 bacis
315 1516 446 1594 myrteis.
488 1532 564 1594 aqua
591 1517 622 1576 in
651 1533 709 1594 qua
739 1507 855 1576 decocti
918 1513 954 1568 eb.

62 1613 87 1654 1⁵
101 1609 177 1664 sunt
203 1602 295 1681 pedes
324 1621 475 1682 agnorum.
517 1605 635 1683 scorpio
663 1605 796 1666 marinus
823 1605 855 1663 in
882 1605 987 1670 32102-

101 1695 174 1752 vino
198 1701 321 1753 necatus
343 1694 458 1753 vesicae
478 1694 548 1752 vitia
571 1699 655 1753 sanat
672 1701 703 1754 et
726 1691 855 1753 calculos

100 1779 202 1861 pellit:
234 1781 298 1859 ipse
325 1787 426 1840 autem
454 1780 567 1861 editur,
585 1783 701 1842 ¹vinum
729 1780 854 1864 bibitur.

101 1868 222 1948 lapillus
246 1871 298 1947 qui
326 1871 478 1930 invenitur
500 1871 532 1929 in
555 1872 720 1950 scorpionis
748 1872 855 1930 marini
917 1866 954 1921 tb-

101 1957 199 2019 cauda
213 1953 327 2018 utiliter
342 1965 470 2036 potatur.
497 1959 691 2019 inveniuntur
705 1959 736 2018 in
749 1957 855 2019 bacchi
917 1955 955 2010 ab·

63 2056 89 2096 2⁰
100 2047 198 2127 piscis
217 2048 312 2126 capite
331 2048 417 2125 quasi
439 2045 543 2128 lapilli,
565 2048 628 2126 poti
647 2065 684 2108 ex
703 2064 779 2126 aqua
797 2045 854 2106 cal-

102 2133 218 2195 culosis
253 2134 405 2214 praeclare
438 2134 604 2195 medentur.
655 2133 753 2195 echini
786 2151 856 2193 cum
882 2140 987 2204 tutos.

101 2224 201 2302 spinis
225 2225 288 2283 suis
310 2222 479 2284 tunduntur
500 2231 531 2284 ct
554 2222 663 2302 singuli
681 2241 718 2283 ex
736 2221 855 2282 hemina

100 2313 167 2372 vini
194 2309 347 2373 bibuntur.
388 2310 612 2372 difficultatibus
644 2312 748 2372 urinae
776 2308 854 2372 suci·
881 2320 969 2385 etti.

101 2415 180 2460 num
205 2408 309 2478 potum
337 2399 706 2542 alligatumque.prodest.
741 2398 853 2480 planta·
882 2411 969 2474 2638.

177 2718 192 2765 1
208 2713 391 2768 conteruntur
404 2711 642 2780 (comminuuntur
654 2714 682 2782 p)
697 2711 849 2768 combuste.
877 2710 984 2765 Eurum
998 2707 1068 2764 cinis
1079 2749 1085 2762 .
1097 2749 1122 2764 ..

102 2785 147 2854 gd
169 2784 248 2852 (corr.
268 2785 333 2852 ego).
407 2783 573 2838 leunculos
590 2784 617 2840 d.
690 2788 707 2836 4
730 2781 839 2838 vessica
855 2797 881 2851 9.
907 2781 911 2848 Ι
941 2782 990 2835 aul
1007 2778 1123 2852 plPl.):

103 2854 153 2909 vel
175 2854 237 2926 ἀ..Ι
266 2855 316 2909 aut
337 2853 367 2908 in
393 2853 570 2924 palumbium
596 2851 754 2908 ventriculo
784 2851 867 2922 (quod
890 2851 998 2922 addidi)
1023 2850 1068 2906 Pl.

105 2925 215 2980 efacta
231 2925 280 2994 gd.
336 2931 351 2979 7
371 2925 460 2980 tostos
479 2924 561 2994 (Pl.):
579 2925 700 2979 testatas
720 2923 779 2993 (sic)
797 2939 828 2993 g,
851 2923 941 2978 tostos
960 2923 1010 2978 das
1028 2923 1047 2978 d
1065 2923 1123 2992 (bm,

104 2997 200 3051 cocles
218 2995 269 3050 das
288 2996 322 3067 b).
344 2997 349 3062 l
369 2995 476 3051 vesuice
497 3011 524 3064 g.
592 3001 625 3049 11
645 2993 757 3064 glebule
779 2993 823 3048 uti
845 2992 943 3049 deluto.
964 2993 1070 3063 (deluto
1093 2995 1123 3061 d)

126 3066 291 3137 d(glebnlc
308 3065 352 3121 uti
370 3066 462 3121 diluta
478 3069 513 3136 r).
544 3067 618 3121 uode
635 3065 728 3120 Horti.
752 3081 797 3134 ap.
818 3063 863 3119 Pl.
916 3065 1059 3121 laebulam
1082 3063 1123 3118 di-

103 3083 196 3192 lutam
214 3138 277 3208 (pro
295 3136 410 3208 grillum
428 3136 550 3192 dilutum
562 3139 604 3192 cet
620 3137 746 3192 dirutum
760 3135 848 3205 codd.)
875 3082 1052 3206 effMorcp.
1064 3137 1124 3190 176.

141 3213 175 3264 12
195 3207 342 3264 medorum
358 3209 408 3278 gd.
470 3214 501 3262 13
521 3208 653 3264 decoctus
671 3205 827 3277 imponitur
844 3221 894 3262 oro.
911 3208 937 3262 d.
963 3208 968 3275 Ι
994 3222 1053 3262 esee
1067 3207 1086 3261 i.
1102 3221 1122 3260 e.

106 3278 198 3335 wiese
216 3280 294 3348 (Pl).
368 3285 402 3333 11
420 3278 515 3334 baccis
534 3279 598 3349 (bie)
616 3295 646 3350 p,
669 3276 747 3332 bools
766 3279 791 3333 d.
865 3283 900 3333 16
918 3277 1026 3332 vessice
1043 3292 1068 3345 9.

129 3401 261 3458 cuneolos
279 3405 307 3459 d.
381 3408 415 3459 18
433 3401 536 3457 marini
554 3417 604 3458 orn.
623 3403 650 3458 d.
720 3406 753 3456 19
772 3401 803 3456 in
819 3399 949 3457 branceis
968 3373 1077 3466 (bbcers
1095 3397 1123 3464 d,

103 3402 217 3614 (ligneis
230 3477 256 3543 r)
272 3472 372 3615 &pliciis
385 3472 480 3598 ρίεοὲε4
483 3475 526 3598 91131
520 3474 549 3600 12
560 3475 664 3615 {aggo
678 3471 771 3614 1prss
784 3489 850 3553 porc
864 3471 923 3539 (sic)
1049 3482 1126 3537 aqua.

174 3561 236 3601 mco
254 3562 317 3600 ao
366 3587 371 3599 .
550 3563 568 3598 n
650 3561 679 3600 es
717 3586 723 3599 .
