2640 3884
473 187 715 254 -159—

156 391 261 447 XXV.
285 393 333 448 Do
356 391 517 448 feniculo.
1005 381 1094 519 ᾧ.

143 500 286 571 'omnam
308 511 367 572 vim
389 509 518 572 seniculo
541 511 662 575 insitam
679 527 740 570 non
762 517 862 572 temen
885 507 995 589 simmi·
1028 528 1070 578 ec.

93 613 153 658 cem
176 597 229 658 sed
249 599 299 662 oni
316 600 407 660 etiam
424 599 583 670 austeritas
601 599 751 664 mixtssit
772 605 878 678 gustus
897 605 995 660 osten·
1014 609 1088 678 (Gai.

93 683 144 766 dit,
171 693 202 746 et
230 685 325 748 mulla
351 694 505 768 praeterea
532 705 601 770 pen.
614 705 690 766 quae
717 684 763 747 vel
790 685 923 750 solvendi
949 685 995 746 vel
1027 692 1071 741 ¹1,

93 774 268 838 extenuandi
295 774 341 838 vel
368 776 457 838 etiem
484 775 616 836 siccandi
642 775 781 854 exprimit
808 780 995 854 potestatem.
1014 754 1086 820 ⁸⁸³l·

71 861 228 924 ttraditum
251 865 285 926 in
310 861 395 924 libris
418 874 449 925 et
477 869 632 944 serpentes
659 880 788 928 annnam
811 870 997 926 senectutem

94 948 208 1010 feniculi
237 953 407 1030 gustatione
430 951 580 1032 deponere
604 959 635 1013 et
660 950 817 1014 oculorum
840 951 996 1032 caliginem

94 1054 159 1097 suco
182 1041 248 1100 eius
273 1037 446 1100 excludere:
475 1040 554 1101 unde
581 1039 713 1120 intellegi
740 1040 842 1101 datum
864 1047 911 1101 est
933 1057 995 1100 ees·

93 1121 154 1185 dem
176 1129 306 1189 virtutes
329 1136 360 1190 et
378 1126 557 1208 corporibus
574 1127 712 1190 humanis
729 1127 819 1189 utiles
837 1145 917 1211 esse,
940 1129 995 1189 sic·

94 1213 135 1274 uti
154 1223 260 1294 postea
284 1218 487 1296 experimenta
509 1216 686 1280 docuerunt.
720 1235 812 1280 sucus
834 1235 906 1296 ergo
925 1234 994 1278 cum

63 1300 174 1364 ¹⁰molle
207 1307 300 1367 attico
332 1306 442 1368 mutus
479 1307 710 1368 vetustissimam
739 1304 812 1370 linet
838 1305 995 1384 caliginem

96 1387 218 1454 discutit.
255 1392 381 1456 nuribus
408 1392 577 1472 purulentis
599 1393 679 1456 idem
702 1411 793 1457 suone
816 1392 994 1458 infunditur.

95 1480 265 1544 vermiculos
290 1483 381 1544 etiam
402 1484 455 1560 qui
480 1483 512 1544 ln
539 1481 635 1544 isdem
657 1489 822 1546 nascuntur
844 1481 994 1544 interficit.

95 1564 171 1628 radix
188 1569 220 1632 in
238 1572 356 1650 pruma
370 1570 438 1634 date
454 1571 531 1634 lexat
544 1587 653 1634 renum
670 1569 855 1632 densitatem.
887 1568 994 1648 hydro·

95 1655 163 1730 plois
188 1675 232 1723 ex.
254 1661 325 1722 vino
352 1659 419 1722 dota
446 1661 604 1720 succurrit.
647 1666 765 1720 veretro
792 1656 995 1721 laborantibus

65 1749 84 1790 ¹⁵
96 1758 128 1801 ex
144 1746 210 1806 vino
228 1754 317 1810 cocta
339 1748 503 1811 lomentum
525 1763 670 1827 perquem
682 1745 761 1822 utile
778 1745 995 1810 subministrat.

96 1828 152 1907 ipsu
173 1851 243 1896 cum
266 1833 333 1896 oleo
356 1836 427 1897 trita
444 1836 542 1897 eidem
560 1853 666 1897 causae
684 1835 829 1897 medetur.
861 1843 995 1899 tumores

96 1922 122 1977 et
134 1937 206 1998 quae
225 1925 290 1987 ictu
304 1921 349 1985 vel
370 1926 525 2004 repentine
539 1924 741 2004 indignatione
760 1930 906 1986 commoto
924 1930 996 1984 sunt

97 2003 158 2068 lolia
179 2027 215 2070 ex
237 2019 323 2074 aceto
343 2013 413 2074 trita
435 2009 609 2074 dissolvunt.
643 2009 800 2073 adversum
817 2013 895 2072 ictus
914 2028 994 2072 scor·

97 2160 302 2179 u...-

153 2219 309 2282 llenicnlum
335 2223 447 2282 calidam
470 2224 596 2280 virtutem
624 2221 849 2296 debellantem,
876 2236 930 2278 non
955 2228 993 2277 ta·
1013 2224 1069 2293 (47)

67 2309 152 2359 umen
176 2307 326 2384 simplicem
352 2308 400 2366 sed
426 2309 470 2365 cui
496 2305 576 2364 etiam
603 2308 748 2364 austeritas
776 2307 858 2363 mixte
884 2306 935 2380 alt,
965 2313 995 2362 ut

99 2394 187 2456 gustus
209 2392 330 2451 ostendit
352 2401 379 2450 et
402 2391 486 2449 multa
513 2399 652 2466 praeterea
673 2407 723 2467 per
745 2407 814 2467 quae
836 2389 946 2449 eluendi
967 2398 996 2447 et

32 2467 36 2478 “
98 2476 252 2534 extenuandi
272 2477 314 2534 vel
337 2477 419 2534 etiam
438 2475 589 2534 desiccandi
610 2475 692 2534 hahet
713 2484 888 2552 potestatem.
930 2490 995 2532 oeu-

98 2547 178 2612 lomm
203 2561 315 2618 vulnera
342 2569 370 2618 et
395 2560 534 2618 cicatrices
563 2568 649 2619 curat.
691 2561 751 2619 suci
778 2559 907 2618 ioliorom
934 2558 994 2614 eins

98 2643 180 2704 ilites
202 2642 270 2704 duas
291 2643 379 2704 mellis
400 2645 495 2720 acapni
515 2653 619 2721 partem
635 2661 715 2701 unam
730 2643 810 2702 simu
832 2644 944 2701 miseeto
967 2647 996 2698 et

67 2721 210 2794 ²5lepidum
233 2729 321 2787 oculis
341 2729 488 2788 intendito.
523 2729 612 2787 radice
634 2730 693 2788 eins
714 2729 743 2786 in
764 2743 833 2802 aqua
854 2733 932 2784 cocta
954 2723 995 2780 io·

99 2812 154 2862 veto
174 2811 348 2890 caliginantes
370 2812 473 2872 oculos.
510 2829 605 2872 aucune
627 2815 686 2872 eius
707 2811 820 2870 infunde
841 2812 870 2867 in
891 2810 994 2866 aurium

100 2915 303 2940 *k—

164 3029 202 3084 tit.
221 3049 332 3102 xnmg
351 3033 387 3102 (et
403 3033 444 3087 aio
460 3034 542 3088 dmm
558 3036 595 3103 o).
640 3033 758 3088 nouam
776 3031 850 3100 (etl)
869 3029 1018 3086 amariter
1035 3029 1102 3099 gol:

100 3095 626 3174 ilielerilmetimnrlnlmixtugola
653 3102 846 3160 admittere.
916 3098 1102 3158 sumntum

100 3161 158 3226 loir
178 3169 368 3245 &editumque
385 3175 430 3229 ri.
450 3175 455 3243 Ι
479 3175 510 3230 in
528 3173 607 3230 libris
625 3175 671 3243 (ae.
692 3173 785 3230 Plinii
802 3174 962 3244 dosidis).
1018 3175 1033 3224 'l
1053 3169 1101 3224 dc-

100 3227 154 3288 tun
170 3242 213 3296 et
227 3243 277 3300 iac
296 3246 314 3300 ι.
369 3251 385 3300 s
404 3245 533 3302 numam
549 3244 616 3316 per:
634 3260 685 3304 om.
704 3244 749 3301 ru.
765 3246 771 3315 ι
785 3243 856 3300 uuo
872 3260 920 3316 pe.
935 3243 942 3316 ι
957 3241 1033 3324 sapt
1047 3241 1065 3296 c

101 3302 279 3393 molismi
296 3317 362 3385 (oi)
378 3331 430 3385 oo:
449 3316 568 3374 docuere
584 3316 670 3386 roll).
691 3318 696 3385 1
716 3331 784 3387 ergo
801 3317 868 3388 gol:
891 3330 960 3385 ergo
977 3328 1038 3368 exne
1054 3309 1100 3366 rb.

133 3379 163 3430 1¹
185 3384 284 3442 isdem
311 3385 422 3442 hisdem
464 3387 572 3458 ol(rd).
643 3385 853 3458 latissimos
879 3387 904 3455 (t
1011 3384 1046 3452 r).

104 3403 636 3528 lidanp=poteotrri⁹>.1v010u0
653 3459 720 3529 pole
742 3457 927 3516 Veternor.
993 3459 1101 3508 lome-

103 3506 193 3576 lentur
209 3542 233 3594 o.
287 3534 321 3585 18
339 3527 479 3584 Adversus
497 3529 514 3583 l.
