2588 3886
554 148 797 212 -178—

344 351 413 407 xL.
448 351 497 407 Do
519 350 606 420 piro.
1270 361 1272 504 1

205 446 243 502 D·
345 469 486 530 Pirorum
508 476 646 530 naturam
668 467 856 528 Dioscorides
880 470 1037 548 stypticam
1060 469 1193 531 credidit
1271 510 1272 538 r

179 523 268 586 Μ’
279 566 309 620 01
330 549 398 620 idco
423 559 552 619 coutrita
577 558 706 637 inposita
724 558 853 636 impetus
876 575 980 618 omnes
1002 559 1193 620 incurrentis

277 649 391 710 umoris
424 653 558 708 avertere
590 663 685 724 eaque
717 646 832 706 ratione
869 663 1060 725 compescere
1098 648 1192 708 etiam

215 741 231 775 *
278 754 353 815 qnae
377 735 413 796 de
437 743 554 796 tumore
578 733 692 796 suhlata
719 742 798 795 sunt.
835 733 1007 796 recentibus
1031 742 1114 796 certe
1138 735 1191 796 ad·
1271 749 1273 808 l

277 831 357 885 mota
376 821 548 885 vulneribus
567 825 674 883 sistere
694 823 873 901 sanguinem
887 822 1100 903 profluentem,
1119 835 1217 902 per-⁵

170 905 522 973 ctGa1·ducerevulnus
545 911 581 971 ad
604 911 781 972 cicatricem.
814 909 946 973 Galenus
967 929 1028 972 nou
1046 930 1138 971 unam
1157 914 1191 971 in
1273 923 1274 968 1

169 987 213 1037 Μ’
224 980 277 1031 834
289 1003 364 1080 piris
392 1001 443 1060 sed
468 998 664 1079 expluribus
691 1000 813 1060 mixtam
837 1007 923 1080 putat
946 1019 1012 1062 esse
1035 1002 1190 1062 virtutem.

169 1049 355 1190 (Wz'fig3ham
378 1088 523 1168 quaedam
541 1107 578 1149 ex
596 1090 622 1148 is
641 1094 759 1150 austera
778 1089 921 1168 quaedam
939 1089 1022 1150 acida
1040 1088 1190 1169 quaedam
1274 1153 1275 1158 γ

186 1151 236 1190 ¹⁴⁸
277 1177 374 1238 dulcia
398 1176 601 1257 deprehendit.
645 1178 773 1237 austeris
801 1177 921 1260 quidem
946 1195 1036 1256 posse
1059 1176 1190 1238 concedi

277 1276 311 1326 ut
334 1268 458 1345 styptica
487 1273 517 1326 et
545 1266 737 1326 constrictius
759 1264 922 1327 videantur.
961 1265 1056 1326 acidis
1085 1273 1189 1326 autem
1204 1279 1228 1316 ¹⁰
1275 1260 1276 1342 l

276 1357 376 1415 inesse
400 1353 509 1433 aliquid
533 1361 564 1413 et
582 1353 701 1432 caloris,
725 1353 804 1415 unde
822 1354 998 1434 plerumque
1020 1353 1188 1414 dissolvunt

278 1443 430 1505 stomacho
458 1441 663 1502 inhaerentem
691 1441 836 1521 flegmatis
864 1442 1050 1504 densitatem.
1086 1441 1188 1502 dulcia

277 1550 346 1593 cum
368 1533 429 1593 sint
451 1533 551 1611 aquati
573 1537 604 1591 et
626 1529 717 1590 soluti
735 1533 864 1613 saporis,
887 1531 959 1592 nihil
982 1533 1013 1591 iu
1033 1549 1186 1609 seneque
1276 1482 1277 1558 1

278 1619 377 1700 frigidi
406 1637 503 1699 neque
531 1619 618 1680 calidi
645 1620 808 1680 continere.
852 1639 888 1679 ex
917 1619 1026 1699 quihus
1058 1618 1185 1699 singulis

276 1727 332 1788 pro
365 1708 535 1769 discrimine
568 1724 713 1787 generum
745 1715 775 1768 et
811 1710 988 1770 necessitate
1025 1721 1225 1770 causarum1⁵
1277 1704 1278 1780 1

276 1796 440 1857 ordinanda
471 1798 560 1857 etiam
591 1795 726 1856 subsidia·
760 1796 950 1858 medelarum.
1001 1804 1121 1858 austera
1154 1805 1186 1856 et

182 1895 184 1900 '
275 1883 357 1946 acida
380 1887 410 1945 in
434 1884 500 1945 ciho
520 1892 637 1964 sumpta
657 1885 809 1946 stomacho
827 1886 1002 1960 existimant
1014 1886 1184 1966 convenire,
1278 1926 1279 1980 q

167 2029 170 2035 ,
274 1975 324 2034 siti
352 1975 472 2034 minime
505 1974 679 2056 convenire,
710 1975 742 2034 in
775 1973 911 2035 dulcibus
942 1975 1080 2034 universa
1113 1991 1183 2033 con·
1278 1987 1279 1992 ’

274 2064 373 2123 traria.
411 2081 486 2144 aqua
513 2063 627 2142 inqua
652 2063 717 2142 pira
740 2063 819 2123 sicca
846 2061 968 2123 decocta
991 2070 1073 2144 sunt,
1101 2064 1182 2122 miri·

274 2151 329 2211 free
344 2150 421 2213 valet
434 2149 547 2212 fluxum
561 2153 673 2212 ventris
687 2149 831 2212 lnhihere.
860 2169 920 2211 non
934 2152 1033 2212 minus
1046 2151 1183 2232 proderit
1196 2162 1223 2202 20

239 2400 279 2454 tit.
300 2399 374 2468 (item
386 2399 418 2453 in
430 2402 511 2469 seqq.)
528 2401 667 2470 pyropol,
714 2407 728 2455 1
744 2399 908 2456 dioscoridis
920 2417 951 2470 p,
970 2401 1142 2472 dyoscoridis
1156 2419 1181 2457 v.

169 2469 354 2542 lstypticam:
381 2471 421 2525 sic
443 2471 555 2540 90(1).1
580 2470 700 2526 credidit
721 2473 788 2541 gul:
815 2471 906 2528 credit
923 2473 968 2529 rh.
1032 2474 1097 2528 neh
1114 2474 1181 2542 gol:

166 2558 200 2596 ao
219 2543 265 2598 rh.
320 2549 336 2597 5
354 2541 538 2612 profluentem
555 2542 622 2610 gol:
641 2542 774 2598 fluentem
792 2543 836 2598 rb.
890 2548 906 2597 6
926 2541 1058 2598 Gallenos
1076 2561 1106 2612 o,
1126 2543 1180 2599 Ga·

166 2613 256 2670 lienus
275 2615 286 2668 1
295 2615 339 2683 (r).
361 2615 365 2682 Ι
389 2613 420 2668 in
438 2629 488 2668 om.
507 2613 524 2668 1.
584 2613 750 2683 ipiris⁴hic
767 2630 792 2669 o.
854 2613 925 2670 8is:
953 2613 998 2668 his
1037 2615 1144 2683 01111).

166 2689 182 2738 9
201 2687 231 2740 et
254 2685 373 2741 austeris
391 2702 417 2754 q.
437 2684 482 2739 rb.
503 2685 508 2752 Ι
530 2699 613 2766 posco
635 2686 701 2753 pol:
729 2701 780 2741 oro.
798 2686 844 2741 rb.
908 2691 941 2740 10
964 2684 1020 2755 stip
1036 2684 1079 2741 'ca
1095 2701 1144 2755 qv.

167 2760 199 2808 11
214 2756 288 2812 unde
301 2755 383 2839 eipl.
398 2757 453 2811 rh·
483 2761 514 2810 tn
528 2756 721 2812 mhnerenm
735 2756 879 2812 stomacho
892 2757 938 2812 rh.
970 2755 1179 2827 inherentemy.

202 2831 234 2879 13
254 2829 352 2894 aquen
369 2843 407 2896 go
426 2827 462 2895 (et
479 2826 582 2897 Epicp
602 2827 665 2884 -tioi
681 2829 719 2884 rh
738 2827 816 2898 (etl).
836 2829 841 2898 Ι
865 2846 884 2882 n
920 2843 956 2884 ne
974 2825 1070 2900 frigidi
1087 2844 1180 2898 nequo

165 2895 251 2950 calidi
269 2897 314 2951 ol:
342 2912 394 2953 neo
412 2897 497 2980 calidi
515 2914 566 2954 uec
584 2897 681 2970 frigidi
698 2900 735 2956 rh
754 2902 855 2970 (neque
874 2844 926 2956 chi.

166 2971 199 3019 15
222 2984 273 3036 pro
295 2983 430 3036 generum
448 2967 529 3024 discr.
553 2971 583 3024 et
605 2986 751 3026 musarum
773 2987 834 3026 nec.
852 2971 897 3030 rh.
962 2971 1178 3026 thordonem

164 3053 203 3107 po
218 3039 254 3104 (et
267 3039 355 3120 epoti:
374 3039 432 3120 ord.
447 3041 512 3094 sunt
526 3039 613 3095 etiam
622 3041 660 3096 rh
675 3043 710 3110 (et
724 3041 751 3166 lp
769 3041 774 3110 Ι
789 3039 971 3097 medellarum
980 3057 1018 3111 qo
1034 3041 1069 3109 (et
1077 3039 1177 3124 Epic).

201 3113 233 3162 11
248 3107 341 3163 aenda:
359 3109 439 3164 enda
452 3111 470 3164 1.
486 3115 490 3178 Ι
507 3109 671 3167 existimant
687 3127 725 3183 qo
746 3133 752 3166 ι
772 3112 867 3168 -antur
879 3114 925 3169 rh.
970 3117 1002 3167 18
1017 3111 1065 3167 siti
1078 3113 1140 3180 (arti
1152 3129 1178 3181 0,

165 3203 242 3260 sitim
258 3221 276 3275 9
295 3209 320 3260 et
338 3211 464 3274 corrupte
482 3235 516 3246 -
531 3209 628 3262 stoi-
647 3210 667 3278 1)
685 3207 800 3264 minime
815 3209 962 3265 convenire
980 3209 1047 3279 gol:
1066 3224 1116 3262 om.
1131 3209 1176 3263 rb.

167 3275 323 3346 leniveris
348 3277 417 3347 pol:
445 3293 512 3332 vero
540 3278 635 3334 omnin
661 3281 707 3337 rh.
791 3285 825 3336 19
852 3296 926 3350 aqna
947 3285 1008 3336 etc:
1040 3279 1178 3334 abhincd

163 3350 172 3413 (
191 3349 223 3402 ni
239 3364 289 3402 om.
308 3365 333 3402 0.
355 3349 468 3416 1-19).
490 3349 494 3416 Ι
519 3349 636 3406 decocta
652 3351 719 3407 old:
747 3351 873 3408 discocto
889 3349 980 3420 rblp).
1002 3350 1101 3422 liunt:
1125 3349 1178 3405 defi

163 3365 277 3484 (desunt
292 3420 342 3486 cic)
361 3435 386 3474 0.
407 3421 411 3487 1
432 3418 502 3473 mire
520 3420 547 3475 d.
602 3428 636 3477 ‘20
654 3422 749 3477 valeat
765 3438 816 3491 po:
839 3421 936 3476 volent
952 3422 999 3490 ld,
1016 3421 1095 3477 valet
1107 3419 1154 3475 rh.
1172 3420 1175 3492 Ι

162 3503 220 3543 non
237 3491 326 3557 gold:
346 3505 397 3545 nec
415 3491 460 3545 rb.
866 3515 869 3524 ·

945 2916 1036 2970 neque
1054 2901 1086 2956 fr.
1104 2903 1143 2969 y).
