2654 3878
538 144 839 209 „gp-.

139 308 225 367 drus
247 306 415 367 dimittitur.
453 323 541 366 ranae
560 308 591 368 in
609 308 696 367 trivio
714 305 886 385 decoquun·
915 318 1020 382 auita.

140 403 191 456 tur
213 411 283 456 cum
305 395 383 475 oleo,
407 411 512 456 carnes
535 411 639 456 earum
660 397 824 474 proiectae:
851 402 887 456 ed
917 433 919 438 -

137 483 206 544 oleo
229 490 356 545 utuntur
374 482 410 543 ad
430 484 610 545 unctionem.
643 483 692 544 alii
712 483 781 544 elixi
800 491 889 564 caput
916 495 1003 558 aopo.

136 569 243 635 nnum'
258 590 327 633 cunr
349 572 497 652 laserpicii
518 569 605 634 obolo
627 575 659 633 in
681 575 750 634 vino
768 583 887 635 austero
907 608 920 643 ‚·

107 659 262 722 ⁵ltibitur.
298 659 467 722 hirundinis
489 661 552 722 timi
574 661 714 722 drachma
736 679 796 722 una
818 665 889 723 trita
916 672 1021 735 copta

137 767 179 811 ex
200 750 286 810 lactis
304 751 418 829 caprini
436 757 487 811 aut
510 750 590 811 ovilli
609 757 660 810 aut
677 753 757 829 passi
776 751 889 830 cyathis

136 837 239 900 tribus
253 845 321 899 anto
335 840 537 900 accessionem
554 841 739 919 propinatur.
765 838 888 901 rubetae
916 839 1022 913 31114.

137 945 232 990 ranae
263 921 316 988 cor
342 927 389 990 vel
419 928 504 988 iecur
531 927 703 1008 adalligatur
732 931 763 988 in
790 947 888 1008 panno

136 1015 331 1096 leucophaeo.
359 1033 462 1078 semen
480 1018 563 1078 ancsi
576 1015 674 1078 trihus
695 1017 795 1096 digitis
810 1033 888 1078 com·
917 1027 1022 1092 nopae.

96 1119 125 1159 ιο
138 1105 325 1186 prehensum
348 1113 378 1166 et
405 1105 527 1166 feniculi
556 1103 731 1168 tantundem
754 1125 789 1167 ex
813 1109 889 1168 aceti

139 1194 232 1254 mulsi
259 1195 343 1274 potui
374 1195 463 1255 datur
490 1193 595 1274 cyatho
622 1213 692 1256 uno.
728 1198 759 1255 in
788 1195 889 1256 charta
961 1197 977 1232 *

139 1284 256 1362 virgine
275 1281 381 1344 scribis
401 1282 479 1363 quod
499 1285 531 1343 in
550 1283 657 1345 dextro
674 1283 796 1345 brachio
819 1284 889 1364 liga·
917 1276 978 1344 (⁰m·
994 1275 1042 1343 rb)

140 1380 207 1433 tum
229 1378 329 1452 portet
351 1371 400 1433 ille
424 1373 475 1451 qui
497 1375 622 1451 patitur:
650 1373 757 1432 recede
781 1372 817 1432 ab
840 1372 890 1433 illo

140 1459 216 1521 Gaio
239 1460 321 1542 Seio,
348 1462 487 1541 tertiana,
517 1459 658 1521 Solomon
688 1467 717 1520 te
746 1463 890 1539 sequitur.

101 1561 127 1602 1⁵
141 1551 216 1610 item
246 1565 354 1628 panem
386 1557 416 1610 et
448 1549 540 1610 salem
571 1551 603 1610 in
634 1549 726 1610 linteo
758 1549 794 1609 dc
822 1549 890 1609 licio
964 1551 979 1584 *

142 1637 242 1716 alliget
265 1643 296 1698 et
318 1639 397 1698 circa
420 1637 558 1698 arborem
580 1637 649 1699 licio
668 1637 767 1718 alliget
789 1644 819 1698 et
842 1636 890 1720 ad·

142 1729 223 1787 iuret
255 1733 301 1786 ter
333 1744 388 1805 per
419 1745 527 1806 panem
558 1735 589 1788 et
620 1726 725 1788 salem:
761 1728 915 1788 crastino·

142 1814 277 1895 hospites
300 1814 373 1876 mihi
395 1817 515 1876 venturi
529 1807 622 1898 sunt,
649 1817 792 1896 suscipite
816 1816 891 1877 illos.

142 1903 201 1964 hoc
224 1903 381 1968 lordicat.

212 2066 301 2126 m.
325 2069 380 2124 Ad
401 2067 576 2125 cenonas.

101 2183 129 2223 20
212 2169 359 2250 Spongiae
391 2169 537 2230 africanae
570 2169 645 2229 cinis
681 2187 718 2229 ex
750 2168 814 2229 oleo
846 2168 893 2228 vel
920 2178 1026 2242 31119.

144 2264 230 2319 aceto
252 2259 284 2319 in
306 2258 405 2344 ¹fronte
427 2257 572 2320 inlinitur.
609 2264 677 2317 ante
701 2255 771 2346 solis
795 2257 894 2332 ortum
921 2266 1026 2332 tulto.
1054 2332 1057 2337 Ι
1129 2285 1132 2290 ’

217 2434 232 2483 1
253 2430 411 2499 coquuntur
428 2430 455 2484 cl.
510 2427 648 2484 acernea
671 2445 767 2484 earum
790 2430 897 2498 (corum
920 2429 950 2498 d)
978 2427 1102 2499 proiecte
1119 2429 1162 2499 gd

144 2499 343 2571 (mamque
370 2515 467 2554 earum
493 2499 625 2570 proiectis
656 2502 686 2555 ct
713 2499 775 2556 oleo
797 2500 915 2554 ucunun
942 2499 978 2554 cd
999 2517 1028 2554 u.
1051 2500 1107 2567 rb).

144 2579 251 2626 scum
271 2569 414 2641 laserpicii
440 2570 523 2626 obolo
547 2569 606 2628 Pla
635 2588 700 2627 cum
722 2571 796 2627 laser
817 2571 887 2626 trito
915 2570 1015 2638 (lasere
1037 2568 1106 2624 trito
1129 2571 1160 2638 d)
1253 2573 1255 2578 “

144 2642 230 2698 obolo
246 2643 301 2713 psi,
323 2658 388 2697 cum
410 2641 500 2697 lsssae
520 2641 619 2697 tritum
642 2643 726 2698 obulo
740 2643 806 2711 rol
828 2640 933 2696 austeri
947 2641 973 2696 d.
1029 2644 1044 2693 t
1065 2639 1160 2710 propi-

143 2715 230 2768 natur
255 2714 306 2784 pb:
334 2713 418 2768 datur
444 2714 471 2768 d.
553 2718 569 2768 8
596 2710 783 2784 adalligatum
812 2713 872 2782 (sic)
895 2727 928 2782 9,
955 2709 1089 2780 alligatur
1111 2711 1160 2767 db.

181 2781 353 2855 alencopeo
369 2784 459 2853 pdrt.
485 2785 490 2852 1
514 2782 592 2839 cneii
608 2784 703 2854 pdrd,
726 2787 758 2838 ct
774 2799 883 2858 senopem
940 2787 975 2838 10
998 2783 1028 2836 et
1048 2783 1162 2837 tantm-

144 2856 210 2910 dem
228 2855 566 2924 lsn.al.lex—datu1r=
584 2871 619 2910 ex
637 2853 711 2910 aceti
729 2855 774 2924 (ex
787 2853 862 2910 aceti
875 2853 961 2922 dud)
977 2852 1064 2908 mulsi
1080 2853 1162 2924 potui

144 2926 236 2983 datur.
256 2929 355 2996 cyclus
367 2941 439 2980 nnus
453 2927 482 2994 (1.
497 2927 527 2996 d)
540 2926 594 2997 gd,
613 2928 642 2980 et
659 2924 733 2981 sceti
749 2923 836 2979 mulsi
854 2923 973 2994 cyathus
990 2943 1063 2980 unus
1081 2923 1162 2995 potui

144 2998 231 3053 datur
248 2998 273 3052 b.
329 3003 361 3052 11
381 2996 411 3052 in
430 2997 528 3052 charte
545 3002 592 3052 etc.
620 2997 686 3052 icccc
703 3012 797 3051 swero
814 2997 957 3065 pertinent
974 2997 1012 3052 od
1030 3012 1091 3066 cop.
1108 3011 1160 3065 sep.

145 3071 180 3124 dc
196 3069 327 3124 urtinse.
379 3074 413 3123 12
432 3067 530 3123 scribis
548 3084 577 3137 ps
599 3067 646 3123 -be
664 3068 690 3122 d.
711 3067 716 3136 Ι
740 3067 837 3138 portet
853 3066 974 3138 ligatum
987 3069 1014 3125 d.
1061 3067 1162 3122 13111-

145 3140 214 3196 ceds
233 3139 269 3195 ab
287 3139 339 3195 illo
357 3140 456 3209 .u.(ss'c‚
474 3141 555 3210 quad
573 3155 657 3208 comp.
673 3153 727 3208 pro
741 3137 827 3209 enim)
845 3137 972 3194 tereiana
988 3139 1049 3194 solo
1066 3138 1163 3193 monte

49 3323 62 3343 .
145 3209 757 3352 uiauittttscctiactatt
771 3208 1163 3350 assiduitas:

146 3352 233 3423 (lycio
256 3353 316 3424 dm).
369 3359 402 3408 17
425 3357 470 3408 ier
490 3367 542 3422 por
563 3353 595 3408 d:
621 3369 672 3423 per
695 3353 740 3407 ior
756 3353 824 3421 prb.
849 3353 854 3420 Ι
879 3351 922 3406 sal
944 3351 971 3406 d.
1035 3353 1069 3403 18
1091 3345 1163 3400 mihi

144 3423 273 3494 hospitas
290 3426 336 3481 rb.
392 3429 424 3478 21
444 3425 537 3479 ortum
554 3423 706 3493 prbtPl.):
729 3439 859 3479 occasum
878 3423 904 3478 d.
932 3420 1164 3474 multiuocum

141 3496 370 3565 praecedentibus
388 3495 516 3566 (spongia
533 3496 600 3566 afr.)
619 3495 823 3551 coniwocosmt
841 3493 886 3547 rb.
982 3498 986 3506 '
