2654 3878
638 182 857 248 ..g4..„.

409 351 461 405 ib·
510 349 594 427 nigra
616 347 692 407 oliva
714 349 856 407 continuo
875 347 901 406 si
919 346 1090 425 imponatur
1108 359 1244 404 comman-

377 448 482 511 entes.
510 437 629 517 ducato,
656 434 791 515 pustulas
814 436 895 515 gigni
917 433 1065 514 probibet.
1102 434 1189 512 myrti
1209 430 1243 489 io·

394 536 481 600 2459.
509 524 618 585 liorum
645 527 720 585 cinis
748 525 906 605 spargitur.
949 522 1005 584 llos
1031 521 1159 583 hederae
1186 535 1245 579 oum

394 625 482 688 teto.
510 592 590 674 cera⁸
606 613 721 675 utiliter
752 614 924 693 imponitur.
968 610 1116 672 hordeum
1146 615 1245 670 tostum

509 705 614 764 tritum
638 722 673 764 ex
697 701 771 763 albis
794 719 918 762 ovorum
941 700 1039 762 addito
1063 699 1149 779 adipe
1171 694 1264 758 suillo⁵

322 794 483 863 intuor)
510 793 635 854 mirifice
662 791 794 872 prodest.
834 786 1012 870 (ambusta)
1039 806 1118 869 aqua
1144 787 1203 847 ovis
1225 785 1245 841 si
1288 719 1290 864 Ι

511 883 611 942 statim
620 888 806 962 occupentur
814 887 848 941 ut
859 877 1025 960 elevantur,
1039 878 1110 940 iude
1123 872 1244 957 pustuao
1289 873 1290 878 ’

395 979 483 1042 nano
510 988 571 1031 non
594 978 770 1048 sequuntur.
806 987 860 1030 ova
887 970 919 1029 in
942 985 1018 1047 aqua
1041 967 1244 1044 decoquuntur,

511 1058 619 1119 deinde
650 1060 682 1118 in
709 1076 820 1138 prunas
853 1058 1022 1118 coiciuntur
1050 1056 1144 1117 donec
1174 1059 1243 1132 puta·
1290 1079 1291 1114 t

511 1148 590 1207 mina
604 1165 710 1208 eorum
724 1146 947 1227 comburantur,
966 1154 1039 1207 tunc
1058 1145 1140 1206 lutea
1156 1145 1272 1202 coram1⁰

424 1239 439 1272 *
512 1254 548 1296 ex
576 1238 690 1296 rosacio
723 1235 898 1298 inlinuntur.
941 1235 1041 1296 oleum
1070 1232 1167 1294 addito
1195 1225 1242 1288 sale
1291 1258 1292 1350 p

379 1335 483 1398 anne.
505 1323 647 1404 pustulas
674 1326 818 1405 reprimit.
851 1327 899 1386 eis
927 1343 1002 1404 quae
1030 1322 1158 1385 ferventi
1183 1331 1243 1396 aqua
1291 1399 1292 1404 γ

512 1421 617 1474 exusta
648 1415 708 1475 sint
740 1432 879 1475 ranarum
911 1416 987 1476 cinis
1014 1429 1156 1493 aspersus
1184 1404 1242 1467 adeo

412 1504 448 1558 ib.
512 1501 635 1581 prodest
657 1509 692 1563 ut
718 1504 806 1563 etiam
832 1502 909 1582 pilos
939 1502 1053 1564 reddat.
1090 1501 1189 1562 efficax
1208 1499 1243 1552 esi

396 1601 484 1664 36,30.
513 1589 686 1652 fibrinarum
705 1590 827 1671 pellium
848 1593 931 1652 cinis.
964 1609 1088 1672 magnes
1107 1588 1176 1668 lapis
1193 1583 1266 1652 ort·15
1292 1592 1293 1644 l

380 1688 484 1752 28,285.
513 1686 610 1741 matus
634 1682 783 1758 tritusque
811 1681 1002 1760 inspergitur.
1039 1681 1130 1740 fimus
1150 1669 1241 1753 leporis

378 1777 485 1841 28,236.
514 1775 543 1827 et
558 1785 663 1847 caprae
677 1767 813 1829 inlinitur
827 1771 930 1848 aequis
943 1767 1137 1849 ponderibus.
1158 1763 1242 1844 gluten

512 1858 664 1919 taurinum
682 1858 841 1918 remissum
860 1859 949 1919 sicuti
967 1856 1042 1919 solet
1068 1876 1084 1919 a
1103 1854 1185 1917 labris
1204 1862 1241 1905 re·

512 1947 591 2006 mitti
614 1947 678 2007 sine
703 1947 841 2007 cicatrice
866 1953 963 2008 sanat:
986 1947 1133 2025 optimum
1155 1945 1194 2000 est
1213 1949 1241 1991 cx

513 2034 635 2096 auribus
662 2042 818 2096 taurorum
845 2043 875 2096 et
901 2033 1082 2115 genitalibus
1106 2035 1130 2093 si
1155 2021 1294 2089 sordesco

512 2123 707 2203 applicentur.

564 2289 606 2344 X.
630 2289 684 2344 Ad
705 2301 859 2345 morsum
881 2287 975 2343 oanis
997 2285 1132 2346 rabiosi.

264 2377 352 2463 enta.
381 2399 485 2461 20‚133.
582 2386 798 2450 Salsamentum
811 2390 981 2468 imponitur.
1009 2396 1097 2450 rutae
1111 2383 1240 2457 sucipon·

413 2479 450 2534 io.
514 2475 570 2537 dus
589 2476 781 2538 denariorum
799 2491 848 2538 xv
867 2478 990 2538 euvino
1010 2476 1131 2539 bibitur.
1156 2467 1241 2550 plagae

514 2567 709 2645 imponuntur
727 2572 812 2627 rutae
841 2565 909 2626 solia
936 2568 1007 2627 trita
1030 2584 1100 2627 cum
1121 2555 1200 2622 mello
1220 2553 1267 2646 οὶΙ

381 2666 486 2732 23,119.
514 2653 574 2715 sale
603 2653 649 2714 vel
677 2672 744 2716 cum
771 2656 837 2733 pice
866 2662 896 2714 et
923 2662 1015 2716 aceto.
1062 2652 1130 2714 folia
1157 2645 1241 2721 nigrae
1252 2639 1269 2677 ²³

320 2832 336 2880 5
361 2844 395 2882 ex
418 2844 534 2882 ovorum
559 2825 630 2881 albia
648 2827 675 2882 d.
749 2832 764 2881 6
787 2826 918 2880 ambusto
939 2825 1019 2894 aquis
1042 2825 1066 2880 si
1090 2817 1181 2878 seim
1200 2817 1242 2884 ⁰l⁰

252 2913 311 2953 ooo.
336 2897 381 2951 Pl.
455 2903 470 2951 9
493 2897 523 2952 in
546 2913 636 2967 pruna
661 2898 823 2952 torreantur
846 2896 892 2951 rb.
919 2897 923 2962 l
948 2895 1104 2951 coiciuntur
1124 2901 1152 2960 y:
1181 2892 1242 2956 0⁰¹¹?

251 2965 361 3023 liuntur
378 2967 405 3021 d.
461 2974 495 3023 10
511 2967 602 3023 lintea
619 2968 663 3024 ab.
724 2971 756 3022 11
775 2965 935 3022 illiniuntur
952 2967 1021 3022 drb.
1077 2970 1108 3020 12
1125 2947 1243 3014 tenente

249 3053 324 3107 quoe
341 3038 440 3092 eme
451 3054 477 3108 ρ.
529 3045 561 3094 13
580 3039 638 3094 stne
654 3055 673 3110 ρ
691 3038 772 3107 (rip
792 3039 858 3092 sunt
870 3038 937 3092 oro.
954 3041 959 3106 l
979 3037 1123 3093 comeum
1134 3029 1168 3086 ro
1180 3017 1242 3091 (nt.

287 3113 322 3162 lb
343 3107 506 3163 fibrinarum
527 3109 651 3166 ferarum
672 3107 791 3180 pellium
818 3107 887 3163 cinis
919 3106 1000 3178 (cinis
1022 3106 1138 3192 pellium
1162 3083 1244 3212 dg?

252 3178 323 3250 (libr.
346 3196 374 3249 p.
393 3195 416 3233 c.
435 3180 490 3248 rb).
564 3187 597 3236 17
621 3182 663 3238 ab:
691 3180 727 3248 ef.
752 3179 797 3235 Pt.
821 3179 898 3249 (sed).
923 3182 927 3247 l
952 3195 1050 3248 aequus
1074 3196 1113 3250 p.:
1139 3183 1206 3242 ont·
1238 3193 1242 3204 ·

289 3256 322 3306 ιε
340 3249 743 3308 remissum-sanatam.1²c
764 3253 769 3319 ι
792 3250 879 3306 neus
896 3251 968 3320 pru
986 3249 1064 3306 neris
1082 3249 1107 3303 c.
1142 3225 1243 3318 toni*

252 3338 304 3380 om.
322 3339 348 3394 9.
399 3326 431 3376 21
451 3321 628 3392 applicentur
645 3323 677 3379 d:
697 3322 808 3377 -eantm
824 3337 849 3392 p.
899 3319 941 3375 tit.
960 3321 1070 3377 rabiosi
1082 3333 1111 3389 με
1128 3295 1242 3368 rahrud·

288 3400 323 3450 22
341 3391 399 3449 ruli
416 3393 476 3464 (otc)
494 3409 519 3464 9.
540 3395 545 3461 Ι
567 3393 675 3462 pondua
693 3392 871 3449 denariorum
884 3411 920 3446 xv
932 3393 974 3463 pol
991 3393 1042 3460 (aio
1059 3396 1084 3446 ct
1099 3381 1244 3486 τωθῦθζ

251 3465 345 3520 bubuli
361 3480 491 3521 mansura
505 3464 550 3518 Pl.
601 3470 636 3519 24
654 3482 718 3519 enm
735 3463 864 3520 melleet
882 3461 941 3518 nale
953 3463 1062 3534 9(Pl.):
1081 3473 1140 3515 cnm
1154 3444 1205 3506 ⁸²¹⁰
1221 3451 1233 3489 θ

252 3535 337 3591 melle
353 3538 374 3591 cl
380 3537 406 3592 b.
460 3541 494 3590 25
513 3551 578 3590 oum
595 3534 671 3603 pice:
696 3535 775 3605 ooipe
793 3535 820 3590 d.
