2588 3886
492 190 734 254 -169-

105 356 175 416 teris
193 363 226 415 et
246 372 335 433 coxae
354 353 474 415 dolores
495 370 564 414 cum
584 355 710 432 axungia
727 360 828 414 vetere
849 352 1010 413 efficaciter

104 443 306 504 admoventur.
342 442 471 503 eundem
494 444 626 503 cinerem
649 445 674 501 si
698 443 765 521 quis
787 440 919 520 psilotris
941 459 1010 504 cum

103 539 184 594 aceto
200 539 231 592 et
244 531 340 594 lasere
356 533 557 611 coniunxerit,
571 531 697 591 detracti
710 531 762 610 pili
776 547 836 590 non
850 547 1009 590 renasceu·
1046 575 1072 632 G
1204 599 1212 616 Ι

102 629 157 680 tur.
195 620 275 700 apud
298 619 442 681 Galenum
464 621 583 682 invenio
606 621 719 680 semine
747 618 896 680 brassicae
919 619 1115 717 P⁰t⁰a(eimpt)

78 711 288 788 maximeque
308 710 458 788 aegyptiae
483 725 560 787 quae
582 706 787 768 vehementior
809 706 853 766 illi
874 707 1114 788 videtunrrnle.

102 797 266 858 lumbricos
289 805 328 858 et·
342 799 441 858 omnia
467 799 548 858 intus
576 795 711 857 animalia
734 798 875 874 extingui.
911 795 1008 874 pulvis
1020 807 1115 875 Pteo,

103 904 117 946 e
140 889 243 947 cinere
270 886 406 947 radicum
428 887 574 946 iacentem
601 903 689 945 uvam
716 883 869 945 subiectus
892 883 1008 945 attollit.
1018 884 1105 947 3b95·

101 974 230 1036 Melitius
248 975 389 1036 ,adfirmat
412 991 485 1035 uvae
504 991 570 1034 esse
591 972 722 1034 remedia
739 972 870 1034 redicem
891 971 1008 1052 plantae
1054 979 1070 1042 5¹²

102 1063 231 1126 avulsam
247 1063 384 1143 colloque
398 1079 574 1142 suspensam
587 1064 629 1123 ita
643 1080 681 1122 ne
695 1070 807 1123 terram
821 1069 889 1141 post
903 1080 1008 1122 runca·

11 1201 12 1206 ,
68 1167 89 1204 1⁰
101 1154 212 1214 tionem
236 1155 396 1232 continget.

164 1284 292 1340 xm
325 1283 373 1338 De
397 1294 572 1352 esperego.
1042 1269 1086 1323 Pl.

164 1384 317 1464 Asparago
349 1384 429 1443 inest
455 1389 486 1443 et
517 1380 624 1443 caloris
652 1381 849 1463 aliquantum,
882 1381 934 1441 sed
966 1345 1104 1442 mirum.

102 1473 187 1534 etam
221 1474 343 1552 styptici
376 1473 485 1550 vigoris
513 1477 714 1550 temperatura
746 1471 897 1531 miscetur.
938 1469 1007 1530 inde

161 1649 286 1706 Caulium
310 1665 409 1722 genera
429 1655 494 1704 sunt
516 1649 650 1721 quinque,
680 1663 809 1705 cumanus
833 1648 1008 1721 pompeianus
1034 1642 1090 1710 (29)

102 1733 218 1790 aricinus
241 1733 385 1790 sabellicus
407 1732 541 1802 bruttius,
565 1749 617 1788 uua
641 1733 725 1789 virtus
748 1729 843 1788 calida.
879 1748 1008 1794 cumanus
1042 1730 1088 1783 Pi.

69 1818 90 1858 1⁵
102 1818 218 1894 sessilis,
241 1821 271 1875 in
294 1819 381 1892 eapite
403 1817 470 1874 lusis
493 1825 520 1872 et
541 1815 684 1874 latioribus
711 1815 794 1874 loliis.
831 1818 1007 1891 pompeianus
1020 1806 1105 1870 19‚41.

103 1903 198 1960 oxima
213 1911 293 1978 parte
315 1901 491 1959 tenuissimus
507 1909 595 1958 totum
611 1918 711 1976 eorpus
727 1902 755 1957 in
770 1909 851 1974 caput
873 1901 1009 1958 contrahit

104 1992 224 2044 tenerum
247 1988 314 2044 alias
337 1994 365 2042 et
385 1994 480 2044 eontra
502 1985 606 2061 lrigora
627 1984 772 2041 infirmum.
810 1985 940 2042 aricinum
957 1985 1009 2040 ire·

104 2073 248 2142 quentibus
271 2072 360 2143 loliis,
389 2069 438 2126 sert
460 2072 507 2144 qui
530 2078 619 2126 tamen
642 2069 694 2125 allo
716 2069 798 2125 modo
821 2078 917 2142 pensat
939 2085 1009 2141 quae

104 2156 274 2213 reciduntur:
289 2157 406 2230 plurimo
419 2155 495 2212 caule
504 2155 663 2214 renascitur.
686 2151 830 2210 sabellicus
838 2161 880 2210 est
892 2154 1007 2226 crispus,

71 2241 93 2280 ²⁰
105 2253 198 2312 sapore
225 2241 415 2313 dulcissimus,
449 2253 557 2296 crassus
583 2239 611 2293 lu
640 2237 729 2308 loliis,
756 2235 833 2293 caule
854 2236 1007 2294 macilento.

104 2318 219 2382 bruttius
242 2325 367 2382 altissimi
390 2324 511 2395 fruticis,
533 2322 686 2380 tenuissimi
707 2321 792 2379 caulis
813 2329 841 2378 et
863 2321 933 2379 duri.

164 2408 194 2465 ln
221 2409 283 2468 cibo
312 2407 461 2480 utilissimi,
492 2416 520 2464 et
548 2414 667 2463 ventrem
694 2415 805 2464 movent
831 2415 859 2463 et
887 2409 1001 2464 urinam.
1031 2402 1087 2470 (Pl.

105 2506 182 2550 sucus
210 2510 306 2552 eorum
328 2495 357 2550 in
379 2494 442 2550 rino
470 2494 570 2550 mistus
597 2493 701 2549 aurium
728 2492 840 2549 dolores
861 2491 1008 2548 instillatus
1019 2474 1108 2543 2⁰2³3)

105 2585 199 2636 sanat.
234 2595 327 2636 semen
351 2594 445 2634 eorum
467 2594 528 2634 eum
544 2578 605 2634 vino
629 2578 721 2633 tritum
743 2583 839 2651 potum
862 2574 1008 2633 lumbricos

11 2717 12 2720 ,
72 2663 131 2714 ²5et
152 2664 237 2720 tineas
260 2664 362 2720 ventris
384 2663 530 2735 interficit.
569 2661 691 2719 calefacit
713 2671 740 2716 et
763 2661 800 2716 lei
823 2659 943 2717 deducit.

174 2835 187 2883 1
208 2831 237 2886 et
255 2845 340 2885 coxee
358 2830 423 2898 poi:
443 2845 583 2897 coxaeque
601 2827 645 2882 ab.
662 2825 778 2892 laetere
795 2826 861 2894 poi:
881 2824 917 2880 -ri
935 2826 979 2882 rb.
1031 2832 1046 2880 2
1066 2827 1114 2882 ad-

106 2902 230 2956 movetur
251 2917 298 2970 pe.
324 2903 328 2969 Ι
354 2901 526 2970 eundemque
548 2901 593 2956 ab.
618 2900 623 2966 Ι
647 2896 813 2968 psilotlhbis
835 2896 910 2965 r(b):
942 2896 1066 2967 spilotris
1088 2915 1114 2970 y,

107 2968 223 3033 pinctus
238 2989 267 3038 o,
295 2971 339 3041 pis
361 2971 442 3026 lociie
461 2973 478 3026 l.
537 2977 553 3026 3
572 2971 663 3026 lesere
686 2985 737 3039 pe:
764 2968 909 3036 lassescet,
936 2969 1027 3025 lesere
1045 2969 1112 3042 abl

106 3037 272 3112 diunolxerit
289 3060 314 3098 u.
364 3048 381 3096 4
399 3039 541 3111 gelienum
560 3043 596 3096 ἰν.
614 3042 619 3108 Ι
635 3043 730 3096 autem
748 3037 939 3110 inventore!
956 3041 1060 3097 semiue
1071 3082 1078 3096 .
1089 3084 1113 3100 ..

107 3110 170 3175 poto
187 3129 247 3182 epo:
275 3130 371 3169 semen
388 3114 458 3181 (seri
475 3114 502 3183 o)
523 3153 529 3167 .
549 3114 664 3183 ..potu
682 3111 813 3182 pollrb).
877 3117 893 3166 6
913 3112 1052 3182 extingui:
1074 3115 1114 3168 eie

107 3182 230 3254 lvlbb).
285 3191 300 3239 'l
320 3202 336 3241 e
353 3185 418 3254 qul:
438 3199 504 3239 vero
523 3200 558 3238 ex
575 3183 619 3238 ab.
636 3185 641 3253 Ι
657 3181 772 3237 adtollit
788 3197 805 3235 o
824 3182 889 3251 (ett-
907 3185 943 3252 p).
998 3189 1014 3236 8
1032 3183 1115 3238 Meli-

107 3249 243 3324 tius‘pot,
260 3255 387 3311 melisius
408 3254 466 3310 Odo
485 3255 531 3323 (cf.
545 3253 662 3308 Meletos
682 3252 727 3307 Pl.
743 3257 803 3318 ast
822 3268 844 3308 e.
862 3251 975 3310 Miletos
991 3254 1036 3307 Pl.
1054 3255 1112 3308 iud.

108 3323 163 3390 ίὶ8)ι
189 3326 288 3381 Melius
311 3343 422 3396 quoque
444 3325 490 3380 rb.
515 3330 519 3394 Ι
545 3323 674 3379 adfirmet
695 3340 724 3378 o:
753 3322 876 3378 affirmet
896 3340 923 3394 p.
977 3329 993 3377 9
1016 3339 1113 3378 runce-

108 3389 207 3472 tiouem
217 3399 265 3453 br:
280 3397 484 3452 truncationem
494 3397 559 3465 pet,
573 3393 744 3452 evulsionem
754 3394 790 3450 rb
801 3394 892 3465 (Ode).
930 3399 962 3448 11
974 3395 1003 3448 et
1011 3409 1062 3448 oon.
1072 3394 1112 3477 cti

109 3459 308 3544 aliquantulum
326 3470 366 3523 id.
422 3473 455 3522 12
475 3466 561 3524 etiam
578 3464 623 3520 illi
640 3465 745 3536 vigoris
764 3463 873 3535 stiptiei
889 3466 910 3519 t.
930 3466 956 3520 d.
978 3466 982 3533 Ι
1007 3463 1114 3533 stiptier

110 3535 185 3590 ‘llam
201 3554 219 3609 9
237 3539 367 3612 (styptiei
383 3541 419 3609 a).
