2588 3886
505 169 748 232 —177-

188 329 236 380 De
257 326 441 390 sisymbrio.

185 427 363 503 sisymbrium
384 429 513 484 virtutem
536 425 616 484 babet
638 427 759 484 calidam.
797 444 890 485 semen
912 429 971 486 eius
994 445 1026 486 ex
1071 483 1086 523 0

122 512 184 569 rino
207 519 302 588 potum
325 509 499 570 difficultates
521 513 614 568 urinae
638 511 757 570 calculos
779 512 898 588 frangit,
921 512 1026 588 singul·
1037 510 1135 608 ΑΜ)

120 607 179 653 tum
201 606 229 654 et
250 598 387 655 tortiones
408 597 600 653 intestinorum
620 596 707 654 sedai.
746 596 812 654 iolla
835 599 893 654 eius
916 598 979 654 trita
1001 605 1028 654 at
1059 627 1098 683 D.

120 681 205 739 fronti
222 679 264 738 vel
285 680 454 755 temporibus
467 681 585 755 inposita
606 677 728 738 dolorem
744 683 839 756 capitis
855 683 1028 756 extinguunt,
1037 702 1126 766 2154,
1183 677 1187 684 ’

90 773 218 824 scontra
245 767 315 823 ictus
338 781 479 839 vesparum
506 765 549 821 vel
577 765 665 839 apium
693 773 820 840 prosunt.
858 783 939 823 sucus
966 767 1027 823 cius

117 859 204 926 potus
227 850 358 908 vomitum
380 851 531 924 restringit.

494 967 654 976 .----..

187 1037 236 1089 De
254 1036 430 1100 portulaca.
447 1033 617 1104 (percellens
637 1035 701 1104 Pl).
1045 1035 1104 1104 (43)

184 1136 329 1195 Portulaca
357 1154 453 1195 recens
476 1136 622 1213 refrigerat
650 1132 791 1215 [culeiacta
813 1155 877 1195 vero
905 1137 1028 1198 calefacit
1059 1141 1097 1196 D.

119 1231 148 1280 et
164 1215 338 1299 refrigerat}
368 1221 401 1278 arl
417 1222 558 1279 oculorum
581 1230 703 1280 tumores
726 1224 789 1280 trita
812 1241 873 1281 cum
895 1240 964 1298 pane
986 1217 1126 1280 ln-2›150·

117 1309 234 1383 ponitur
253 1313 282 1363 et
302 1306 458 1381 podagricis
480 1305 561 1362 simili
584 1305 666 1363 modo
688 1307 824 1365 medetur.
867 1315 869 1318 '

186 1496 236 1548 De
254 1493 390 1546 escario.
1047 1498 1103 1566 (44)

78 1613 107 1652 ro
184 1595 290 1652 Escaria
318 1596 446 1650 virtutem
475 1593 555 1650 habet
581 1592 706 1651 medendi
732 1593 857 1650 omnibus
885 1594 1126 1659 doloribusurrdn?

118 1681 235 1738 internis
263 1679 369 1753 hepatis
396 1688 423 1735 at
450 1678 592 1738 stomachi.
630 1695 713 1735 sucus
741 1679 802 1741 aius,
827 1696 887 1736 cum
916 1678 1027 1753 pulvere

118 1765 222 1840 piperis
244 1765 302 1820 triti
323 1764 401 1838 potui
423 1762 509 1823 datur.
545 1761 671 1820 similiter
692 1771 720 1821 el
741 1764 798 1820 ictu
820 1763 910 1821 laesis.

114 1931 120 1942 ’
188 1951 237 2002 De
256 1951 429 2002 abrotano.
1047 1950 1102 2018 (45)

185 2051 352 2110 abrotanum
374 2053 502 2107 virtutem
527 2050 609 2110 habet
636 2049 758 2108 calidam.
794 2049 859 2106 iolla
882 2052 940 2106 eius
964 2052 1028 2106 trita
1059 2053 1096 2108 D.

120 2153 183 2196 cum
206 2136 282 2194 malis
304 2134 433 2210 cydoneis
455 2142 530 2191 cocta
547 2134 688 2192 oculorum
705 2142 826 2190 tumores
842 2140 945 2191 curant.
981 2135 1027 2191 tri·
1046 2128 1117 2192 322⁶·

79 2232 106 2273 ro
121 2231 180 2281 tum
196 2228 224 2277 et
239 2229 347 2278 coctum
361 2236 422 2277 cum
442 2217 545 2294 polline
564 2216 717 2276 hordeaceo
737 2217 898 2275 furunculos
912 2219 1027 2293 spargit.

120 2321 215 2364 semen
237 2307 296 2361 eius
318 2304 475 2378 suspiriosis
498 2297 670 2379 (prodest),
693 2303 832 2360 urinarum
854 2301 1028 2360 difficultates

120 2389 214 2451 solvit.
250 2396 343 2446 contra
366 2387 540 2462 scorpionum
568 2389 638 2444 ictus
661 2404 721 2445 cunr
746 2388 807 2444 vino
837 2397 957 2464 potatur.
995 2405 1027 2444 er

119 2476 184 2532 virro
206 2481 302 2549 potum
324 2480 461 2530 menstrua
485 2479 624 2546 provocat.

496 2609 655 2618 --—-—-—--

188 2669 237 2724 150
253 2681 471 2733 penagoruce.
611 2647 621 2668 ‘
1047 2663 1104 2731 (48)

186 2770 358 2847 Panagorace
381 2772 523 2828 causticam
546 2772 673 2827 virtutem
695 2768 777 2825 habet
798 2767 884 2824 idest
905 2764 1134 2826 midumonds?

81 2863 108 2905 20
122 2855 187 2914 iolla
210 2857 268 2913 eius
291 2857 319 2912 iu
342 2856 427 2912 mulsa
449 2863 526 2912 cocta
541 2865 604 2930 pota
627 2852 805 2911 tussientibus
827 2856 952 2926 prosunt.
985 2865 1028 2906 sa-

121 2957 185 2997 men
212 2942 271 2998 eius
297 2941 392 2997 tritum
418 2955 478 2997 cum
506 2940 600 3014 pipere
622 2954 655 2994 ex
676 2937 762 2995 mulsa
789 2941 1028 3012 potum-ventrem

122 3033 151 3082 ct
173 3026 277 3082 urinam
300 3033 392 3082 movet
413 3032 441 3082 et
462 3022 580 3081 calculos
602 3021 634 3079 in*
652 3023 739 3080 vesica
761 3021 876 3096 frangit.

496 3159 656 3169 ...-

190 3195 238 3246 De
256 3195 377 3258 ulplco.
1049 3188 1106 3258 (58)

187 3295 310 3372 Ulpicum
338 3287 521 3370 luligmtibile
549 3299 600 3351 est.
647 3309 709 3350 cum
737 3292 800 3349 vino
828 3293 922 3350 tritum
950 3291 1131 3367 petulancie?

123 3380 216 3440 datum
237 3380 379 3439 calculosis
401 3378 523 3454 prodest.

177 3613 243 3655 Plinii
258 3614 352 3656 iunioris
366 3613 482 3654 medicine.
