2654 3878
525 197 745 262 *81*

123 363 196 422 rino
219 361 390 440 imponitur.
427 359 519 439 adeps
542 362 646 439 anguis
668 363 779 422 mixtus
803 358 876 420 oleo.
940 360 978 414 to.

124 451 271 529 anguium
298 451 373 511 einis
401 449 438 509 ex
467 447 541 509 oleo.
583 467 649 510 esse
678 467 730 510 eos
758 466 877 528 quoque
940 449 977 503 ib.

123 539 313 620 praecipitur
339 537 462 599 abscisis
493 556 510 597 a
538 539 633 618 eapite
657 546 688 599 et
715 539 808 599 cauda
834 538 876 598 di·

124 629 198 706 gitis
228 629 395 708 quaternis,
431 634 483 688 aut
514 629 646 688 cinerem
678 635 878 688 crematorum

91 715 240 776 ⁵bihere.
281 716 384 777 limum
411 714 614 778 columbinum
640 717 798 794 imponunt
829 715 878 775 alii
905 723 993 786 aeae.

125 807 220 866 mixta
242 805 336 865 lerina
358 803 523 864 hordeacea
546 823 583 864 ex
610 811 694 865 aceto
718 805 788 864 aori.
824 802 877 863 tal-
940 803 976 858 ib.

125 911 183 974 pae
207 895 281 954 cinis
300 911 336 953 ex
357 893 442 953 melle
465 893 637 972 imponitur.
674 895 758 953 ieeur
781 891 876 972 talpae
940 889 977 945 al)-

126 982 248 1064 quidam
261 983 340 1042 inter
354 999 459 1042 manus
474 983 636 1042 conantum
655 980 877 1042 circumliniunt
1069 973 1071 978 ’

127 1079 158 1132 et
181 1070 282 1132 triduo
306 1089 366 1131 non
389 1069 522 1132 abluunt.
557 1069 654 1150 talpae
674 1071 769 1150 oapita
791 1088 876 1148 prae·
939 1067 976 1126 ib.

81 1171 113 1210 1⁰
125 1159 268 1220 eiduntur
292 1167 322 1220 et
344 1178 413 1222 eum
435 1166 516 1219 terra
540 1177 556 1218 a
574 1159 660 1238 talpis
684 1166 783 1238 egesta
807 1177 876 1218 oon·

127 1255 270 1309 teruntiu
299 1255 328 1308 et
359 1251 391 1308 in
421 1247 556 1326 pastillos
591 1246 781 1327 rediguntur:
825 1249 877 1328 qui

127 1339 154 1400 si
182 1344 339 1397 servantur
361 1339 392 1396 in
417 1343 538 1416 stagnea
564 1336 671 1416 pyxide
694 1336 783 1397 utiles
807 1342 877 1396 sunt

126 1425 164 1486 ad
179 1427 277 1486 omnia
291 1432 480 1505 apostemata.
499 1443 615 1485 vermes
625 1427 739 1485 terreni
751 1423 876 1484 totidem
904 1431 991 1494 30,3u.

126 1522 200 1596 quot
223 1521 354 1575 strumae
378 1520 448 1575 sunt
471 1513 581 1594 alligati
604 1518 673 1575 oum
694 1511 741 1572 his
764 1513 876 1591 pariter

85 1612 113 1651 ¹⁵
127 1610 277 1665 arescunt.
319 1601 562 1681 circumligantur
594 1601 654 1662 lino
688 1620 747 1681 quo
774 1603 876 1680 vipera
903 1607 991 1669 aeuo.

125 1689 289 1772 suspendio
304 1693 402 1752 occisa
416 1699 469 1752 est.
506 1689 662 1770 milipedae
681 1692 877 1770 impourmtur
904 1696 990 1761 30,40.

125 1779 225 1841 addita
257 1781 374 1839 resinae
406 1787 490 1859 parte
528 1787 646 1858 quarta:
687 1798 748 1840 non
780 1777 877 1840 solum

126 1877 257 1930 strumas
276 1870 319 1928 sic
339 1870 438 1928 eurari
456 1870 644 1948 praecipiunt
658 1867 710 1928 sed
729 1875 760 1928 et
778 1870 877 1927 omnia

126 1964 316 2038 apostemata.
354 1958 480 2036 axungia
504 1954 538 2037 <.
554 2005 560 2018 .
575 1955 608 2036 .>
633 1957 697 2016 cali
719 1958 784 2016 riva
807 1973 877 2016 eum
903 1964 1008 2028 auito.

83 2055 112 2095 20
125 2047 227 2107 resina
249 2044 361 2124 liquida
382 2045 429 2105 rel
452 2044 537 2124 adipe
556 2045 643 2106 suillo
667 2044 765 2105 addito
789 2043 875 2104 melle
903 2053 1008 2114 aeneo

127 2135 252 2196 strumis
275 2133 388 2194 utiliter
411 2133 578 2194 auxiliatur.
615 2133 656 2193 fel
675 2135 813 2212 aprinum
830 2131 877 2191 vel
904 2135 1000 2200 autea
1019 2132 1080 2201 (om.
1099 2133 1124 2199 r)

12 2223 13 2228 ’
124 2221 273 2284 bubulum
295 2222 429 2302 tepidum
455 2217 614 2282 inlinitum.
651 2221 778 2300 ungulae
802 2221 877 2279 asini
904 2228 1009 2292 tepet.

125 2311 174 2372 vel
202 2313 272 2390 equi
295 2312 371 2371 cinis
399 2329 435 2371 ex
462 2327 537 2388 aqua
565 2309 611 2369 vel
639 2309 704 2370 oleo
732 2307 877 2370 inlinitur.
964 2347 968 2355 -

125 2398 273 2461 bubulum
299 2417 402 2460 sorum
430 2418 466 2458 ex
496 2398 561 2459 oleo
589 2400 760 2479 imponitur.
798 2396 878 2458 ebuli
904 2407 1009 2471 aenea.

199 2629 215 2679 2
235 2623 325 2679 edisse
345 2623 412 2692 Pir
433 2639 493 2679 esse
511 2639 557 2678 eoi
575 2639 685 2693 quoque
698 2641 726 2692 p.
741 2622 799 2691 prb
819 2622 865 2688 (ef.
881 2621 952 2689 Pl.):
971 2635 1032 2675 eise
1047 2618 1143 2673 autem

126 2711 175 2752 eoi
193 2712 221 2764 p.
240 2694 267 2749 d.
321 2700 337 2748 3
357 2694 454 2764 digitio
473 2695 614 2764 quaternis
633 2711 683 2750 om.
704 2693 750 2748 Pl.
768 2693 829 2760 (ubi
847 2689 979 2746 extremis
995 2688 1143 2759 partibus).

163 2765 305 2821 seireum
322 2765 516 2891 Ιίηἰᾛνὸε
534 2764 661 2819 illiniunt
678 2765 706 2820 d.
752 2760 907 2844 etriduum
920 2762 948 2816 d.
999 2766 1033 2843 ²¹.
1046 2759 1143 2830 pastil-

126 2836 170 2892 los
193 2836 230 2891 rb
249 2836 330 2905 (Pl.):
357 2855 377 2906 p
399 2835 431 2919 ο·
456 2853 473 2891 o
494 2852 534 2919 p„
548 2834 669 2918 postella
691 2835 723 2916 d..
738 2835 748 2917 j
772 2832 831 2914 Que
854 2850 879 2886 si
897 2833 928 2900 d,
954 2849 1070 2904 quusip
1092 2833 1144 2902 (sie

126 2906 663 3033 qtillmttpmittpttttl
682 2905 760 3046 pu
774 2903 913 3031 ‘rim’
931 2904 1142 3032 ttatlltll‘

126 2995 163 3104 ι11ίὶ
182 3048 395 3131 circumligetur
411 3051 439 3106 d.
490 2995 523 3103 lld
537 3047 692 3121 Milepedp,
709 3044 869 3116 Millipedes
882 3047 902 3102 d
914 3046 1093 3117 (millepedas
1107 3047 1142 3130 t).

147 3125 197 3202 ⁸17
216 3135 325 3176 resinae
341 3119 549 3176 terebinthinae
569 3117 615 3176 Pr.
684 3117 915 3201 leuepoitoniata
932 3133 957 3187 9.
983 3121 989 3188 1
1013 3121 1144 3199 Axungin

126 3186 903 3318 uarietatetrttumuuuuttut
913 3189 1143 3328 limiti

125 3329 198 3388 oar:
215 3304 361 3417 vivi'pm.
375 3333 507 3418 mapa)
525 3333 593 3402 prb.
648 3336 682 3385 io
701 3329 784 3414 suino
796 3330 834 3386 ri
849 3330 917 3399 (ri,
936 3331 998 3412 mg
1019 3327 1075 3384 sun
1093 3328 1142 3397 pa.

177 3409 211 3458 21
231 3403 383 3459 auxiliatur
404 3403 512 3460 utiliter
529 3404 555 3459 d.
581 3405 586 3469 Ι
609 3400 731 3485 felztiel
749 3401 809 3456 Sall.
830 3390 912 3470 (hm)
935 3417 949 3454 e
969 3403 1016 3454 oet.
1041 3404 1097 3469 τῃ).

127 3479 207 3600 222ῗ
217 3474 414 3615 {gbppibplm
427 3491 466 3543 pr
479 3475 561 3544 (Pl.):
579 3472 745 3528 bubulinum
759 3474 786 3527 d.
837 3477 870 3527 23
885 3469 931 3526 vel
946 3469 1005 3523 Pi:
1024 3468 1145 3600 omn

181 3645 250 3687 Plinii
263 3646 359 3688 iuniorii
371 3647 490 3688 mediolan
968 3632 983 3680 6
