2636 3874
602 135 821 199 ..32-

419 348 421 354 .
473 315 564 358 unum
592 298 679 356 tritae
707 298 738 356 in
767 314 859 375 aquae
887 296 999 356 mulsae
1026 295 1146 356 hemina
1169 304 1222 356 aut

472 389 549 447 aceti
567 385 652 446 melle
671 384 770 445 addito
789 384 998 464 decoquuntur
1012 383 1107 445 donec
1126 383 1220 446 lente·

473 483 536 536 scat
553 481 649 534 totum
668 474 747 552 quod
767 476 919 555 coquitur,
937 483 968 534 et
986 475 1029 534 sic
1047 475 1220 552 imponitur.

358 560 444 638 dana.
472 563 617 642 hysopum
642 580 710 622 cum
733 564 800 622 vino
831 562 988 624 decoctum
1010 563 1221 641 gargarizatur.

372 655 409 711 io.
472 650 677 731 peucedanum
688 669 756 711 cum
769 651 890 730 coagulo
901 651 985 712 vituli
994 652 1101 711 marini
1115 653 1222 729 aequis
1236 664 1249 702 5

359 752 444 815 aaut.
472 739 654 818 ponderibus
673 740 816 799 inlinitur.
850 758 940 800 sucus
960 739 996 800 de
1015 738 1222 818 quinquefolio

472 828 604 908 pondere
637 827 750 888 denarii
783 847 819 887 ex
852 846 944 907 aquae
977 827 1090 907 cyathis
1123 827 1223 888 tribus

340 927 445 990 antae.
473 919 557 994 potui
575 915 671 977 datur.
704 916 743 975 sel
761 918 913 977 taurinum
931 917 977 976 vel
996 918 1152 996 caprinum
1171 924 1224 976 aut

358 1015 446 1078 anta.
473 1007 610 1064 ursinum
634 1022 703 1064 cum
720 1004 806 1064 melle
830 1006 973 1065 inlinitur.
1009 1004 1222 1083 ipsiushomi·

473 1094 520 1152 nis
552 1110 738 1170 quacumque
771 1111 806 1152 ex
842 1101 926 1174 parte
959 1095 1079 1172 sanguis
1111 1094 1224 1154 missus
1239 1106 1264 1144 10

472 1180 608 1240 inlinitur
636 1181 838 1242 efficacissime
862 1181 993 1261 prodest.

539 1380 664 1438 xvm.
686 1381 837 1438 Licheni.

377 1511 448 1573 aaa.
541 1499 653 1561 Graeco
664 1502 783 1560 nomine
795 1500 925 1559 lichenes
936 1499 1129 1580 appellantur,
1142 1501 1224 1578 quod

474 1589 561 1668 vulgo
594 1596 777 1666 mentagram
808 1588 957 1668 appellant
988 1589 1108 1668 vitium,
1141 1589 1224 1668 quod

474 1679 617 1737 acerrime
645 1695 700 1755 per
732 1683 823 1736 totam
854 1677 959 1736 taciem
992 1676 1067 1736 solet
1099 1695 1225 1755 serpere

474 1765 567 1824 oculis
591 1772 704 1825 tantum
733 1764 923 1825 immunibus.
961 1763 1114 1825 descendit
1137 1772 1169 1825 et
1191 1767 1264 1827 in1⁵

474 1853 582 1913 collum
597 1855 671 1913 etin
690 1860 796 1932 pectus
811 1871 989 1932 manusque,
1008 1852 1107 1913 foedat
1121 1862 1226 1914 cutem

378 1951 447 2014 aad.
476 1941 600 2002 furfure.
637 1941 762 2001 Manlius
786 1939 937 2001 Cornutus
959 1948 1079 2021 praetor
1101 1944 1223 2020 provin-

476 2032 538 2089 ciae
566 2031 749 2108 aquitanicae
781 2028 896 2108 legatus
924 2025 1016 2109 (us)
1045 2042 1087 2090 cc
1111 2033 1142 2089 in
1165 2031 1226 2091 hoc

474 2117 579 2178 morbo
601 2118 708 2178 locavit
731 2137 763 2178 se
786 2117 960 2178 curandum.

519 2206 595 2267 Huic
627 2225 698 2286 ergo
730 2209 801 2266 vitio
838 2209 881 2267 sic
918 2213 1063 2267 conantur
1099 2206 1225 2267 mederi.
1242 2218 1266 2257 ²0

281 2374 420 2430 liritid.
445 2376 449 2442 Ι
479 2374 587 2429 himina
603 2392 633 2444 p,
662 2374 800 2432 eminad.
872 2375 982 2442 3sicp
1006 2377 1053 2444 (ηε
1082 2374 1150 2432 sid.
1304 2443 1305 2446 Ἴ

205 2453 226 2501 4
244 2445 309 2501 vino
327 2447 369 2515 qd
392 2447 426 2514 (r,
446 2445 514 2514 Pl.):
538 2446 590 2500 fico
607 2463 632 2502 o.
652 2447 669 2498 l.
691 2445 735 2500 Pl.
808 2451 824 2500 ὅ
848 2446 1033 2517 peucidannm
1050 2448 1099 2516 pd.
1126 2449 1129 2514 Ι
1155 2463 1226 2516 qua-

208 2518 275 2588 gulo
285 2534 319 2642 p.
374 2523 491 2600 paucus
509 2516 544 2571 de
562 2535 588 2585 q.
607 2518 648 2599 pd
667 2517 717 2581 (nic
734 2518 816 2602 diane
835 2518 901 2601 iffi).
957 2517 1127 2599 apondere:
1155 2535 1227 2587 pon·

409 2588 539 2727 nte
554 2586 1228 2728 t'l’amnnmuatatcra
1303 2675 1304 2706 ‚

209 2732 328 2814 monaco
347 2734 378 2784 et
396 2729 505 2798 sames
523 2730 554 2796 a,
573 2729 608 2796 ef.
627 2733 673 2796 aa
690 2734 716 2783 et
732 2730 814 2813 east.
834 2734 974 2798 arnone.
994 2735 1099 2795 apaan
1119 2732 1188 2799 ee).

520 2800 565 2869 tf·
579 2801 900 2926 orrannum...
915 2803 1228 2940 teramnae
1302 2863 1303 2896 .

208 2939 325 2995 hchines
339 2941 357 2994 i.
371 2941 540 3010 inpetigines
558 2943 584 2996 d.
636 2945 669 2994 12
688 2941 821 3010 lychenes
838 2943 888 3011 pol.
944 2947 978 2996 13
997 2943 1092 2996 mente
1115 3011 1121 3024 ·
1145 2958 1184 2996 na
1198 2945 1227 2998 d.

210 3010 314 3082 luccat
331 3012 376 3079 (sc.
394 3011 506 3081 vulgus)
523 3029 546 3068 r.
598 3017 632 3065 16
649 3011 781 3067 sedetet
798 3013 931 3067 cutamd.
983 3017 1015 3066 tr
1034 3011 1101 3068 Man
1123 3029 1156 3067 ns
1170 3015 1226 3083 pb:

208 3115 340 3172 Manilius
361 3116 405 3171 Pl.
488 3123 520 3172 18
544 3115 720 3188 aquitanicae
737 3133 768 3186 p:
797 3117 855 3172 -nie
872 3119 920 3172 db.
951 3119 955 3185 l
989 3139 1019 3173 cc
1046 3135 1076 3187 p,
1109 3138 1140 3172 cc
1169 3120 1226 3174 do:

208 3207 249 3244 as.
269 3207 299 3242 cc
321 3187 365 3243 Pl.
390 3193 535 3256 corruptor
553 3190 614 3257 (aet
632 3189 701 3242 male
719 3187 802 3242 lectus
820 3189 854 3244 ab
873 3191 985 3257 editore)
1006 3189 1097 3243 Marc.
1116 3205 1145 3258 p.
1157 3195 1226 3245 1292

207 3275 275 3314 nam
286 3258 407 3314 Soranus
420 3257 545 3314 medicus
559 3259 642 3326 (cade
654 3257 748 3329 aicta)
766 3259 908 3329 quondam
922 3258 1050 3314 ducentis
1059 3257 1226 3316 hominibus

200 3331 272 3398 (pro
290 3328 362 3399 Har)
389 3328 444 3383 hoc
470 3328 567 3384 morbo
590 3329 783 3386 laborantibus
807 3329 936 3384 curandis
958 3331 988 3399 (t)
1015 3329 1045 3383 in
1067 3328 1228 3398 Aquitania

208 3417 237 3454 sa
255 3400 369 3457 locavit.
398 3404 483 3455 totum
496 3401 569 3455 hunc
588 3402 675 3456 locum
688 3402 779 3457 omisit
797 3417 820 3456 r.
890 3406 923 3455 19
943 3417 972 3456 ee
991 3400 1097 3455 locavit
1115 3417 1139 3458 c.
1159 3401 1189 3456 d.

208 3475 243 3524 20
261 3470 332 3526 Huic
341 3487 408 3542 ergo
422 3469 493 3528 vitio
506 3473 557 3541 pb:
578 3471 698 3538 Quidam
716 3472 781 3526 huic
800 3470 868 3528 vitio
887 3473 913 3528 d.
