2636 3874
564 119 783 216 -py-

164 316 289 394 ponitur
312 314 470 376 adversum
498 314 638 376 dolorem.
676 317 807 395 caprifici
830 317 913 378 radix
942 321 990 389 (ab.
1002 326 1062 375 127.
1076 323 1179 390 ofilio)

164 421 221 482 per
243 421 356 463 messes
381 403 536 485 inciditur,
560 411 589 464 et
607 403 679 464 haec
699 407 789 465 mittit
807 424 914 466 sucum

136 566 140 572 y
165 493 352 571 aptissimum
366 491 469 552 dolori.
506 492 630 553 nucleus
653 493 744 571 gallae
764 512 911 554 comman·
941 505 1027 568 24‚10.

165 580 292 641 ducatus
315 579 411 641 dolori
428 580 573 642 medetur.
610 581 711 642 taedae
732 585 858 661 pingues
881 585 912 643 in
940 594 1027 657 24,41.

137 668 277 731 castulae
301 670 499 732 conciduntur
522 677 552 729 et
574 671 605 730 in
629 678 712 730 aceto
732 679 912 753 coquuntur,

165 758 264 836 idque,
279 766 397 818 acetum
418 760 451 817 in
480 776 531 818 ore
563 760 741 818 continetur.
779 776 854 836 aqua
881 761 912 819 in
940 769 1026 831 24,42.

165 864 223 924 qua
237 845 382 906 lentiscus
396 847 537 907 decoctus
551 853 597 906 cst
611 845 734 907 mobiles
749 847 912 908 confirmat.

164 933 311 994 rubomm
327 937 359 995 in
378 934 487 1012 quibus
499 953 583 995 mora
596 942 761 997 nascuntur
781 938 912 1016 pampini
940 945 1043 1008 24,119.

165 1022 375 1101 decoquuntur
397 1026 428 1083 iu
446 1026 514 1084 vino
533 1031 652 1085 austero
673 1032 704 1084 et
722 1025 910 1086 commandu-

125 1118 272 1172 ocantur
295 1111 451 1174 adversum
470 1111 677 1196 mobilitatem,
700 1113 789 1191 idque
809 1116 911 1174 vinum

164 1202 196 1259 in
210 1218 262 1260 ore
277 1207 406 1261 tenetur.
431 1201 614 1262 millefolium
633 1203 664 1260 in
683 1201 784 1261 dolore
799 1203 909 1264 mandi·
938 1213 1043 1276 24‚152.

164 1297 214 1350 tur
246 1291 409 1368 tritumque
442 1289 575 1351 maxillae
608 1292 779 1369 imponitur.
827 1292 910 1352 radix
938 1301 1042 1364 amico.

163 1377 332 1457 hyoscyami
355 1397 391 1438 ex
414 1385 498 1439 aceto
522 1378 792 1439 commanducatur.
829 1380 909 1459 plan·
972 1381 1009 1435 ιι.

164 1468 272 1546 taginis
294 1466 377 1526 radix
400 1467 550 1527 manditur
573 1473 603 1527 et
626 1467 759 1527 eiusdem
784 1485 855 1527 suco
878 1470 910 1527 in

124 1565 151 1606 1⁵
164 1561 247 1615 aceto
267 1553 405 1616 decoctae
426 1556 573 1636 tepefacto
592 1555 697 1617 dentes
721 1555 910 1616 conluantur.
934 1620 937 1625 ,

163 1643 401 1722 quinquefolium
423 1647 454 1705 in
473 1663 531 1723 quo
547 1645 636 1723 ‘fraga
655 1651 819 1705 nascuntur
838 1644 909 1705 elui·
938 1653 1043 1717 25‚166.

163 1739 214 1792 tur
237 1740 319 1792 aceto
343 1735 404 1792 sive
428 1751 503 1812 aqua
525 1736 651 1815 marina,
679 1733 784 1794 deinde
809 1735 908 1812 coqui·

163 1827 214 1880 tur
238 1820 273 1881 ad
301 1823 405 1882 tertias
428 1841 464 1882 ex
491 1825 560 1883 vino
583 1831 614 1883 et
637 1830 734 1903 aceto,
761 1822 850 1901 idque
878 1825 909 1883 in

163 1928 215 1969 ore
235 1911 285 1971 diu
309 1912 487 1972 continetur.
524 1911 643 1991 quidam
666 1911 779 1971 malunt
807 1913 907 1972 cinere
972 1914 1009 1967 ib.

120 2011 149 2052 ao
163 1999 229 2059 eius
256 1998 361 2059 dentes
384 1999 500 2061 lricare.
551 2001 664 2080 hysopo
694 2000 807 2060 utiliter
840 2019 908 2061 con·
972 2002 1009 2060 ιι.

161 2087 296 2148 luuntur.
334 2090 412 2148 cavis
442 2088 581 2149 dentibus
610 2091 685 2150 cinis
708 2091 819 2150 murini
847 2090 909 2149 fimi
937 2100 1024 2162 30‚22.

161 2177 284 2237 inditur.
320 2195 436 2238 vermes
459 2180 572 2238 terreni
598 2178 713 2238 decocti
736 2180 767 2237 in
790 2177 854 2238 olco
879 2185 909 2237 et
937 2189 1023 2252 3023.

162 2266 226 2325 triti
247 2264 447 2327 infunduntur
467 2266 615 2327 auriculae
636 2264 672 2325 ab
691 2284 725 2325 ea
747 2274 831 2345 parte
851 2285 909 2345 qua

162 2353 267 2414 dentes
299 2353 408 2415 dolent.
455 2355 618 2416 eomndem
651 2357 797 2416 vermium
834 2358 908 2416 cinis

120 2453 147 2494 2⁵
162 2444 260 2502 exesis
284 2435 593 2505 dentihns‘coniectus
613 2450 643 2504 et
661 2463 729 2505 cera
753 2443 909 2505 obturatus

159 2530 301 2609 perfacile
325 2550 376 2592 cos
400 2533 505 2593 cadere
534 2534 620 2611 cogit.
657 2532 736 2593 idem
763 2535 908 2593 vermium
971 2535 1008 2588 ab.

161 2621 237 2680 cinis
260 2619 363 2682 inlitus
386 2619 553 2682 dolentibus
576 2623 669 2681 iuvat:
700 2620 836 2682 comburi
859 2621 908 2681 de-

233 2867 247 2914 1
260 2860 384 2930 caprifici
394 2860 533 2931 (caprofici
541 2863 582 2932 9).
576 2862 677 2916 ·immo
686 2861 758 2916 mori
768 2861 826 2929 (Pl.
836 2866 870 2915 23
874 2861 953 2930 pto).
991 2860 1123 2916 cassum
1130 2862 1176 2915 Pl.

197 2933 363 3002 9ιιιιιιθιι9
401 2938 435 2987 10
453 2933 648 3001 adversumpz
667 2934 769 2988 -.susd
812 2937 845 2986 13
865 2948 980 2988 cociam]
995 2934 1043 3002 9ιι
1081 2938 1114 2986 15
1129 2932 1176 2986 de-

161 3005 259 3059 coctae
273 3003 353 3085 (Pl)
373 3004 454 3087 docte
473 3005 578 3074 (ciem,
597 3003 759 3059 decoctod.
811 3009 844 3058 18
859 3003 894 3058 ad
908 3021 938 3074 9.
957 3022 990 3059 us
992 3020 1045 3074 que
1063 3004 1139 3058 add.

162 3081 195 3130 19
223 3092 261 3128 m.
285 3073 345 3130 eius
375 3074 467 3130 cinere
498 3076 525 3130 d.
623 3081 657 3128 22
685 3094 711 3130 v.
735 3076 756 3131 ι.
784 3075 814 3129 id
846 3076 889 3130 cst
919 3022 1050 3130 lumbrici
1084 3075 1176 3130 Marc.

155 3163 187 3214 p.
211 3151 245 3199 93
268 3145 321 3212 ios.
385 3152 421 3200 24
448 3163 475 3214 q.
500 3145 597 3200 dolent
615 3146 757 3201 denteed
823 3151 857 3200 25
877 3147 1018 3202 coniectus
1046 3144 1175 3214 (insertus

162 3217 279 3284 Marc.)·
317 3217 351 3284 cs.
381 3217 470 3286 Salliy.
499 3217 537 3270 od
561 3217 607 3270 Pl.
635 3217 747 3286 (coluiio
772 3218 841 3272 male
867 3233 919 3272 scr.
938 3217 1012 3286 Jao,
1042 3216 1175 3272 collectus

160 3289 230 3342 mab
252 3286 338 3355 Dect,
365 3286 475 3342 iniectis
498 3289 532 3354 r).
558 3289 562 3355 Ι
588 3290 617 3342 et
634 3304 699 3343 cera
716 3288 834 3344 obcurci
834 3306 866 3343 us
884 3305 902 3357 9
921 3289 997 3354 (baec
1018 3301 1074 3341 ooo
1096 3287 1175 3340 habet

159 3361 250 3412 tectus
270 3359 340 3425 Pl),
364 3358 394 3411 et
412 3357 684 3426 ceraobleraturd‚
708 3362 738 3414 et
759 3358 877 3414 caeteris
896 3355 1172 3422 mememoratur,

160 3431 273 3484 cicera
292 3430 405 3497 opertus
426 3429 517 3483 Marc.
537 3428 571 3495 cf.
592 3429 637 3484 Pl.
653 3434 757 3495 22106.
822 3435 854 3484 27
875 3428 972 3483 inlitus
993 3427 1050 3478 Pl·
1068 3425 1173 3480 inditus

158 3500 201 3568 qd
218 3501 264 3568 (r).
285 3501 290 3570 Ι
314 3498 473 3553 dolentibus
491 3516 540 3568 pr.
564 3499 706 3554 doloribus
724 3500 752 3556 d
