2588 3886
561 149 803 214 -200„.

281 322 316 374 et
339 320 440 378 omnm
467 314 537 374 trita
571 320 601 373 el
632 315 664 373 in
694 314 815 392 potione
842 312 986 391 perducta
1014 315 1191 392 sanguinem

281 401 484 463 reicientibus*
506 408 642 480 prosunt
683 400 783 462 oleum
813 403 845 461 in
877 419 940 480 qam
969 401 1093 462 decocta
1117 410 1191 463 aunt

281 491 414 552 inlesum
436 492 533 570 capiti.
548 490 676 551 caducos
699 484 731 551 a't
752 489 931 568 lethargicos
954 493 1072 552 eruut.
1107 488 1189 551 ulca

280 579 365 641 ribus
388 581 552 640 canceratis
570 586 602 640 et
619 581 736 640 caninis
753 578 902 640 morsibus
920 581 991 640 trita
1009 596 1079 640 cum
1101 578 1190 640 made

267 667 470 738 subveniunt.
508 665 626 728 dolores
644 669 786 728 iocineris
804 684 838 728 ac
856 670 975 728 renium
994 667 1225 729 decoctorum-'1

281 760 313 817 in
336 774 411 835 aqua
434 763 524 835 potus
547 753 706 837 extinguit,
729 755 859 818 admixto
876 756 992 817 modico
1015 775 1105 836 passo
1128 775 1189 835 quo

282 844 359 906 solet
376 847 505 924 potionis
525 844 671 905 eiusmodi
689 844 853 905 amaritudo
870 843 968 905 leniri.
1001 859 1071 905 cnm
1090 848 1190 906 resina

281 932 481 995 terebinthina
498 951 556 1012 pro
575 940 709 996 cnemate
728 933 796 996 data
815 932 946 994 calculos
964 933 1119 1015 frangunt,
1138 932 1191 994 ob·

282 1024 420 1084 strictum
434 1020 565 1084 canalem
575 1023 690 1082 resima
701 1020 864 1084 laborantis
877 1023 1013 1100 pervium
1026 1031 1189 1102 praestant

281 1113 357 1172 tussi
380 1118 411 1172 ct
438 1109 504 1171 colo
530 1117 658 1189 prosunt
680 1129 749 1171 cum
777 1109 925 1172 elolislaco
948 1129 984 1172 ac
1005 1110 1093 1172 melle
1117 1121 1236 1172 con-1⁰

281 1201 351 1260 trita
375 1208 406 1259 et
427 1201 458 1260 in
481 1197 630 1260 abellanae
654 1202 740 1262 nucis
762 1199 967 1278 magnitudine
989 1207 1116 1279 sumpta.

348 1287 396 1348 Fit
430 1285 679 1352 medicamentum
706 1306 742 1350 er
773 1291 881 1348 amaris
908 1287 1081 1369 amygdalis,
1110 1286 1191 1368 quod

281 1375 470 1438 Dioscorides
493 1375 540 1436 dia
560 1375 732 1456 amygdalon
752 1379 859 1456 picron
878 1377 1016 1457 appellat,
1040 1376 1138 1456 spleni
1162 1385 1193 1439 et

282 1467 413 1526 iocineri
424 1467 610 1546 maximeque
629 1467 771 1544 aurugini
785 1467 999 1546 necessarium,
1019 1464 1101 1545 quod
1119 1485 1192 1528 con-

281 1554 381 1615 ficitur
409 1553 460 1615 sic.
493 1553 712 1634 amygdalarum
740 1587 783 1598 -
805 1568 846 1636 11,
874 1557 1033 1633 gentianae
1058 1564 1235 1636 -am,1⁵

282 1645 365 1704 anesi
394 1675 437 1686 —-
460 1658 501 1724 11,
532 1641 673 1705 absinthii
703 1644 817 1723 pontici
844 1675 887 1686 --
910 1657 937 1724 1,
969 1645 1071 1704 omnia
1101 1644 1193 1706 amul

282 1739 371 1792 tunsa
389 1730 572 1811 cribrantur,
595 1749 687 1792 exeo
708 1731 831 1812 pulvere
855 1731 1034 1794 coclearium
1053 1750 1090 1792 es
1114 1751 1192 1811 aqua

282 1818 377 1880 datur.
419 1819 543 1882 mulsam
571 1821 699 1880 miscent
731 1823 782 1900 qui
815 1822 935 1880 nimiam
962 1821 1193 1881 amaritudinem

282 1910 383 1968 ritant.
410 1908 570 1969 vehemens
588 1907 646 1968 hoc
664 1927 730 1970 esse
751 1912 838 1969 etiam
859 1908 1030 1970 domesticis
1049 1911 1081 1969 in
1094 1927 1190 1970 rasore

210 2025 248 2082 D·
286 2004 401 2057 servata
424 1999 635 2077 experimentis
657 1995 788 2076 probavi.
1206 2007 1233 2046 2⁰

187 2103 275 2167 1‚1ac.
352 2083 470 2146 Gummi
498 2085 577 2165 qnod
606 2085 750 2166 amygdali
776 2085 865 2146 arbor
893 2086 1030 2168 exsudat,
1065 2087 1192 2150 mixtum

248 2297 262 2344 1
282 2289 351 2344 trita
368 2293 417 2345 rb:
435 2291 521 2346 tritae
539 2308 592 2361 go,
615 2292 667 2348 hee
685 2292 753 2348 trite
768 2295 810 2348 ld.
835 2295 839 2360 l
863 2293 979 2364 potione
997 2294 1090 2363 gold:
1114 2310 1191 2348 nem

175 2363 221 2418 rb.
242 2360 247 2429 Ι
271 2361 408 2431 perducta
430 2363 530 2432 rb(9):
557 2363 692 2437 perducta
714 2380 743 2433 o,
766 2365 900 2435 perducto
919 2365 960 2420 ld.
1025 2364 1191 2420 bioaineris
1276 2359 1277 2376 ¹

173 2434 265 2504 poids
279 2431 463 2490 iecinorisrb.
481 2437 485 2500 Ι
500 2432 608 2488 renium
618 2451 669 2506 gn:
684 2451 782 2490 renum
792 2435 896 2504 lotoe).
914 2437 918 2504 Ι
934 2436 1113 2492 decoctorum
1122 2437 1190 2506 pol:

176 2503 386 2573 certatuml),
406 2520 456 2561 om.
476 2505 502 2559 d.
567 2513 582 2561 6
600 2522 686 2576 passa
703 2507 764 2576 (aie)
782 2523 806 2560 e.
824 2509 828 2575 Ι
844 2523 899 2577 quo
911 2505 1038 2562 —leniri
1056 2523 1106 2562 om.
1126 2508 1151 2562 d.

176 2583 192 2630 8
211 2574 383 2631 terebintina
398 2577 474 2646 god,
492 2576 688 2632 therebentina
706 2579 716 2631 l
734 2577 964 2648 (therebynthina
980 2577 1015 2644 r).
1031 2579 1036 2644 Ι
1056 2594 1107 2647 pro
1126 2595 1190 2633 ene—

175 2649 252 2703 mabe
269 2663 300 2716 p:
323 2663 373 2716 pro
393 2649 504 2702 nemete
522 2649 567 2716 el,
589 2650 755 2718 pronemata
772 2650 811 2704 dr
830 2650 1003 2718 (praeamata
1021 2649 1057 2718 b).
1089 2649 1136 2704 aad
1152 2651 1189 2716 cf.

176 2719 221 2772 Pl.
242 2735 276 2773 ex
294 2717 444 2788 ecligmate
458 2714 652 2789 (ἐκλειχόμενα
670 2719 727 2790 D.).
795 2725 811 2773 9
830 2721 988 2844 praestant:
1006 2719 1129 2774 reddunt
1146 2721 1186 2776 ld.
1276 2739 1277 2776 ;

213 2794 246 2843 10
266 2787 347 2844 obolo
360 2805 391 2858 p,
409 2789 489 2845 tholo
503 2805 527 2843 o.
544 2793 549 2858 Ι
565 2787 663 2844 belelis
676 2790 753 2845 fasco
766 2806 817 2860 go,
857 2789 946 2845 erelis.
969 2789 1046 2845 fasco
1061 2791 1095 2844 td
1109 2789 1187 2860 (heli-
1276 2801 1277 2854 Ι

176 2855 266 2914 liffalre
283 2860 359 2927 rbt‘,
378 2859 522 2915 haliliaaca
541 2862 577 2930 b).
633 2867 665 2914 11
686 2861 832 2916 abellanae
850 2877 888 2930 gc
907 2861 954 2928 (cf.
973 2877 994 2916 e.
1013 2863 1089 2930 aeq.):
1113 2862 1187 2918 avel-
1276 2911 1277 2918 ,

176 2929 240 2984 lane
268 2929 392 3000 ld(rb).
418 2934 422 3000 Ι
446 2931 476 2985 in
500 2947 543 2986 av,
567 2932 651 2987 modo
674 2932 836 3002 sumptad.
905 2933 1137 2990 12-20om.d.
1276 2943 1277 2976 ὲ

177 3007 211 3055 13
230 3001 407 3070 dyoscorides
426 3002 626 3071 dyamigdalon
642 3001 744 3073 pigron
763 3005 779 3056 l.
801 3004 805 3072 Ι
830 3001 879 3058 dia
896 3003 1067 3076 amygdalon
1084 3019 1116 3072 p:
1138 3003 1185 3074 dy·
1276 3037 1277 3076 t

176 3071 338 3142 amigdalon
356 3087 380 3126 o.
397 3081 402 3141 Ι
417 3071 514 3142 pirron
532 3075 582 3143 (aie
598 3076 649 3144 ge)
667 3090 717 3130 om.
735 3076 780 3129 rb.
846 3079 881 3128 14
898 3073 1015 3128 iocineri
1031 3076 1099 3144 pol:
1122 3074 1185 3130 iaci-

176 3142 237 3198 nori
255 3143 300 3197 rb.
321 3144 325 3210 Ι
350 3143 471 3212 anmgffi
488 3161 513 3200 o.
584 3150 618 3198 15
641 3143 746 3214 Accipe
765 3161 820 3199 am.
839 3145 937 3199 uncias
955 3145 1025 3200 duaa
1043 3150 1090 3200 cte.
1109 3146 1152 3200 rb.
1276 3181 1277 3194 Ι

177 3221 211 3269 1c
234 3213 322 3268 anesii
344 3215 355 3267 l
381 3213 468 3283 (anisi
485 3217 545 3284 rb).
572 3218 576 3280 Ι
607 3214 727 3270 abrentii
748 3232 787 3284 go
799 3217 853 3285 (r).
884 3217 888 3283 Ι
922 3232 995 3286 qnae
1022 3216 1118 3270 omnia
1143 3217 1186 3273 rb.
1276 3229 1277 3236 ¹

177 3285 212 3353 cs.
240 3301 334 3354 aaapra.
440 3291 472 3340 la
503 3287 533 3340 et
558 3302 593 3339 ex
621 3301 655 3340 eo
684 3287 785 3355 rb(l).
819 3289 825 3356 Ι
859 3286 1107 3356 coclileollarium
1136 3289 1186 3356 pol

177 3356 317 3424 (cochlear
335 3355 366 3423 b,
385 3356 546 3426 cocleare).
616 3363 649 3413 19
667 3357 738 3412 Veh.
757 3373 869 3426 nanque
887 3357 915 3412 h.
933 3357 978 3412 rb.
1004 3359 1009 3426 Ι
1034 3358 1185 3413 domestico

178 3426 242 3480 sinu
255 3428 405 3482 servatum.
425 3443 487 3497 exp.
503 3427 520 3499 Ι.
537 3427 542 3498 Ι
558 3427 588 3481 in
600 3444 698 3482 uxore:
717 3427 834 3482 innxuro
849 3429 910 3498 (aie)
923 3445 948 3484 c.
999 3433 1030 3482 21
1046 3429 1187 3499 amygdali

178 3496 273 3552 arbor:
293 3497 436 3568 amigdala
454 3498 537 3554 arbor
554 3514 583 3568 a,
603 3499 783 3569 amygdalam
802 3500 842 3554 ld.
