2588 3886
511 175 752 241 -183-

120 339 169 399 sc.
194 353 240 399 vi.
286 339 384 400 omnia
416 337 504 400 simul
531 346 590 398 tam
618 337 668 400 diu
703 338 912 418 decoquuntur
938 337 1033 398 donec

120 429 156 489 iu
181 426 276 488 mellis
300 443 410 506 empus
432 428 599 488 crassitudo
621 429 804 507 pinguescat.
841 445 876 488 ex
905 425 962 486 boc
984 443 1033 488 co·

121 515 224 576 cleare
247 514 359 595 grande
386 515 505 594 plenum
530 518 640 596 optime
668 518 768 577 ieiuno
792 515 914 576 cottidie
937 513 1033 574 datur,

121 607 226 684 ipsum
256 621 328 664 vero
359 603 606 666 medicamentum
644 603 803 666 salubriter
837 605 933 665 vitreo
964 621 1033 662 vaso

76 705 96 748 ⁵
122 700 271 754 servatur.
308 693 342 753 iit
364 710 401 753 ex
424 711 460 752 eo
484 701 514 754 et
536 695 616 754 roitu
640 695 773 754 sceuasia
796 710 870 772 quae
895 690 1091 788 omuibusffi,
1102 724 1129 786 5,

121 789 197 842 nota
220 789 274 842 est.
766 801 773 816 ·
1060 792 1114 860 34).

194 979 300 1038 xm
332 979 381 1036 De
403 979 505 1038 melo.

194 1098 384 1160 Dioscorides
410 1099 490 1178 quod
518 1099 553 1160 ad
577 1100 688 1160 aestiva
715 1098 790 1160 maia
817 1101 966 1178 pertineat
993 1100 1035 1160 ita
1049 1091 1087 1145 D·
1103 1097 1129 1158 1,

122 1189 223 1248 sensit
244 1195 279 1249 ut
306 1206 341 1247 ea
364 1188 501 1250 crederet
523 1187 628 1268 flegma
656 1189 785 1270 nutrire,
812 1187 890 1250 fellis
912 1187 1035 1248 ardores
1060 1167 1119 1216 ¹⁵⁹·

123 1278 272 1356 excitare,
299 1276 466 1338 inflationes
493 1295 626 1358 movere,
657 1278 790 1339 nervosis
818 1276 954 1356 partibus
981 1278 1034 1336 mi-
1092 1351 1095 1358 ⁴

72 1380 108 1421 ιο
123 1367 207 1426 nime
231 1367 399 1432 convenire.
436 1364 565 1426 Galenus
587 1384 647 1428 non
671 1367 770 1426 omnia
791 1364 942 1426 reicienda
964 1382 1032 1445 pro·
1056 1355 1119 1410 Gai.

123 1454 245 1514 nuntiat
272 1452 325 1514 sed
355 1471 430 1532 quae
454 1461 505 1514 aut
528 1456 627 1534 aquati
650 1455 764 1533 saporis
788 1461 838 1514 aut
861 1454 961 1532 asperi
984 1432 1142 1513 ammeta.

124 1540 205 1602 acidi
236 1550 287 1602 aut
317 1559 410 1622 prope
439 1545 567 1605 vanitate
595 1543 689 1626 duicis
722 1549 898 1603 occurrunt:
929 1543 961 1602 iu
988 1540 1035 1600 bis

123 1639 245 1692 tantum
267 1647 332 1692 esse
351 1633 420 1692 vitia
440 1650 515 1711 quae
534 1633 645 1694 frustra
664 1629 801 1692 omnibus
820 1628 1036 1691 adiudicantur.

124 1863 156 1918 in
178 1861 240 1917 vino
262 1868 326 1934 pota
342 1868 437 1918 contra
459 1861 605 1919 lumbricos
620 1871 648 1920 et
670 1864 756 1919 tineas
771 1862 882 1918 ventris.
919 1859 1037 1917 cortices

80 1955 112 1997 1⁵
126 1946 216 2002 siccae
231 1961 293 2002 cum
308 1945 386 2019 gallis
402 1961 487 2020 aeque
503 1947 582 2003 tritae
595 1949 659 2004 vitia
675 1946 796 2002 dentium
810 1951 914 2002 curant.
942 1951 1036 2002 coctae

127 2032 157 2086 in
179 2031 242 2086 vino
264 2036 292 2085 et
314 2031 395 2087 tritae
415 2031 562 2105 perniones
577 2039 605 2088 et
629 2039 750 2090 tumores
773 2043 867 2086 omues
891 2034 986 2084 curaut
1008 2036 1037 2084 et

128 2113 253 2189 gingivas
275 2120 423 2172 tumentes.
461 2131 530 2189 aqua
551 2117 580 2172 iu
601 2131 655 2190 qua
677 2123 769 2173 coetae
792 2111 891 2169 tuerint
914 2113 1037 2186 gargari-

127 2207 207 2254 zatur
228 2207 322 2256 contra
345 2215 455 2257 uvarum
477 2207 609 2256 tumores.

194 2282 258 2339 i'los
281 2285 339 2340 eiua
355 2283 474 2360 arboris,
498 2285 545 2359 qui
568 2286 673 2359 eytiuos
688 2298 750 2340 roas
767 2288 893 2346 vocatur,
917 2281 1037 2338 siccatur

85 2381 114 2422 eo
127 2369 157 2424 iu
179 2365 290 2440 umbra,
312 2370 395 2426 tritus
416 2371 445 2425 iu
466 2368 605 2443 pulverem
627 2367 751 2426 omnibus
765 2365 922 2424 vulneribus
946 2364 1037 2422 mede·

129 2460 185 2510 tur.
222 2469 283 2509 eum
305 2452 384 2508 eicite
407 2454 489 2510 tritus
504 2453 612 2510 vulnera
634 2454 689 2510 orio
711 2461 797 2511 curat.
835 2449 987 2507 balaustion
1009 2448 1036 2505 id

129 2543 173 2592 cst
194 2536 332 2593 centifolia
356 2535 407 2594 iios
430 2539 488 2595 cius
509 2538 598 2596 siccus
620 2540 701 2595 tritus
717 2538 828 2594 vulnera
850 2549 919 2609 quae
941 2534 1038 2589 humo·

129 2638 188 2678 rem
211 2628 258 2678 aut
279 2625 439 2696 sanguinem
454 2623 567 2680 mittunt
588 2622 716 2680 desiccat.
746 2629 872 2679 cocturas
895 2613 955 2694 (sic)
974 2632 1038 2673 ocu·

129 2707 221 2764 lorum
243 2714 271 2762 ct
292 2705 411 2764 saucium
433 2723 494 2765 cum
517 2707 596 2764 melle
618 2709 730 2764 mixtum
752 2704 834 2762 tollit.

203 2961 217 3009 1
243 2952 344 3010 Omnia
364 2955 432 3024 cole
460 2969 532 3023 quse
555 2953 649 3008 omnia
671 2953 715 3008 rb.
742 2955 746 3021 Ι
771 2952 928 3022 coquuntur
950 2953 996 3011 rb.
1065 2960 1080 3008 2
1103 2954 1146 3008 Ex

129 3025 186 3081 hoc
202 3026 270 3094 yet:
293 3042 328 3080 ex
344 3041 400 3097 quo
419 3026 464 3080 rb.
486 3024 490 3096 Ι
516 3025 640 3080 cocleare
657 3025 723 3094 coi:
752 3023 862 3078 coclear
878 3040 895 3078 r
917 3025 1110 3095 (cochleare).

130 3096 275 3152 3obtime
292 3111 318 3165 9.
344 3099 348 3164 Ι
373 3095 489 3152 cottidie
506 3113 547 3166 oo
565 3095 670 3151 cotidie
686 3096 726 3150 oi,
793 3100 896 3150 evaso
913 3113 965 3166 ce:
993 3112 1059 3152 veae
1078 3097 1088 3150 l
1107 3095 1146 3164 (in

131 3183 199 3223 veee
217 3168 273 3238 rb),
333 3173 349 3222 t
368 3167 503 3223 Fit-est
521 3167 631 3223 σαι-νὺ.
648 3168 652 3234 Ι
668 3162 764 3236 §eicco
778 3167 928 3222 σκευασίαι
945 3166 1021 3222 roitu
1035 3166 1149 3236 eeyesic

131 3255 162 3309 9,
184 3240 269 3308 roytu
292 3239 404 3308 ceycsic
420 3255 450 3308 o,
477 3241 559 3309 yortri
578 3236 690 3307 ceyesic
708 3238 725 3292 l.
790 3244 806 3292 6
825 3239 868 3294 eci
884 3239 930 3293 oi:
957 3255 987 3294 ee
1006 3239 1065 3306 (cic)
1083 3251 1110 3306 9.

133 3317 148 3366 '1
167 3309 346 3366 Dioscorides
368 3311 414 3364 bic
434 3325 481 3380 αα.
502 3311 507 3378 Ι
532 3308 651 3364 aestiva:
678 3303 713 3362 cci
736 3308 787 3362 τοῦ
812 3305 894 3378 ἔαρος
917 3302 1081 3378 ἀκμάζοντα
1098 3307 1148 3376 1).,

131 3395 220 3437 verua
238 3381 284 3436 Pl.
303 3385 408 3452 23,100.
430 3382 434 3449 Ι
453 3381 601 3451 pertineat
617 3395 669 3448 yar
696 3379 757 3433 -neb
774 3379 859 3450 aba).
916 3386 950 3434 10
969 3377 1103 3434 Gallenur
1121 3395 1149 3444 u,

131 3451 266 3507 Geiienus
284 3452 314 3520 i(
328 3453 348 3520 ).
412 3457 445 3506 11
465 3451 563 3520 aquati
579 3467 631 3521 cu:
655 3449 716 3504 -tiei
734 3449 771 3505 rb
782 3451 821 3521 (l).
881 3455 916 3504 12
932 3448 1058 3505 vanitate
1080 3449 1148 3518 quiz

130 3537 183 3580 om.
202 3523 247 3578 rb.
304 3529 337 3577 13
356 3539 382 3592 q.
402 3522 530 3578 omnibus
548 3522 652 3578 frustm
670 3521 687 3576 l.
