2636 3874
467 207 686 271 ...21-

134 375 231 432 v'm.
253 375 423 444 upuoree.

136 475 260 538 Cocleae
299 477 362 536 sine
403 479 554 555 putamine
592 481 679 538 tritae
715 478 816 539 inlitae
889 514 905 548 e

68 566 162 626 fronti
180 583 249 626 cum
268 567 344 625 turis
358 564 468 643 polline
486 565 663 628 validissime
682 574 816 646 prosunt.

68 663 203 715 tumores
232 653 387 714 oculorum
415 653 498 716 sedat
527 654 657 716 mulsum
684 655 817 734 tepidum
844 665 951 730 31121.

68 747 97 803 in
126 742 265 822 penicillo
294 759 384 821 super
412 745 591 823 impositum.
629 745 749 804 corticis
772 762 816 804 se·
845 754 932 817 3211.

41 834 134 910 ⁵piae
172 831 265 891 iarina
296 833 328 891 in
360 831 472 910 epiiora
504 850 540 892 ex
577 831 651 892 lacte
685 831 818 892 mulieris

70 920 297 981 circumlinitur.
335 937 403 980 caro
430 923 555 1000 peponis
579 921 702 981 mirifice
731 921 815 981 22121-
845 926 1053 995 2011222211)

53 1017 161 1089 ,geret
212 1007 276 1068 alba
312 1007 381 1070 beta
417 1010 488 1069 trita
521 1009 612 1069 tronti
644 1011 815 1089 imponitur.
844 1020 931 1084 2070.

68 1096 198 1158 eundem
225 1097 364 1158 ellectum
391 1096 501 1157 hahent
524 1095 606 1158 bulbi
630 1100 693 1158 triti
720 1097 816 1159 oculis
845 1110 949 1172 20,103.

68 1187 208 1266 impositi.
245 1187 311 1265 apio
335 1185 420 1246 viridi
448 1189 519 1247 trito
547 1205 616 1246 cum
637 1205 712 1266 pane
738 1185 816 1247 oculi
844 1198 949 1260 20,112.

30 1282 220 1354 reteguntur.
257 1277 352 1335 ocimo
376 1293 412 1335 ex
436 1278 504 1335 vino
528 1277 639 1355 optimo
663 1277 734 1336 trito
759 1277 815 1336 cir·
844 1286 949 1348 20121.

68 1363 280 1424 cumlinuntur.
317 1371 383 1424 ruta
403 1381 472 1424 cum
491 1363 610 1443 polenta
634 1365 762 1424 contrita
786 1371 816 1424 et
844 1374 949 1437 20,135.

67 1454 205 1531 imposita
223 1451 297 1512 lenit
319 1451 459 1512 dolorem.
497 1454 576 1512 aneti
596 1453 678 1513 radix
698 1455 729 1512 in
747 1454 815 1512 vino
843 1463 947 1525 211126.

67 1544 137 1601 trita
178 1539 322 1601 inlinitur.
379 1543 534 1620 papaveris
571 1540 734 1606 cauliculus
770 1540 816 1600 vel
843 1551 947 1614 20209.

68 1632 166 1689 siccus
198 1627 244 1688 vel
276 1628 380 1689 viridis
409 1647 477 1690 cum
506 1647 560 1690 suo
593 1630 694 1690 iructu
726 1631 816 1689 tritus

31 1730 53 1770 1⁵
67 1719 239 1796 imponitur.
276 1715 329 1777 lini
357 1735 459 1778 semen
487 1736 555 1779 cum
585 1725 652 1778 ture
676 1737 712 1778 ex
740 1737 815 1797 aqua
843 1729 948 1791 20249.

67 1816 168 1872 tirsum
183 1805 409 1866 circumlinitur.
439 1807 563 1886 siliginis
577 1825 669 1886 grana
688 1809 719 1867 in
733 1809 814 1868 ferro
844 1817 949 1882 22‚119.

68 1903 144 1956 tosta
168 1902 198 1954 et
217 1913 253 1954 cx
272 1896 339 1954 vino
359 1897 429 1956 trita
449 1894 705 1956 circumlinuntur.
743 1897 815 1956 item
843 1905 948 1969 22142.

68 1981 207 2044 lenticula
231 2001 299 2043 cum
323 1983 463 2062 cydoneis
492 1992 575 2044 cocta
599 1993 628 2045 et
657 2003 716 2044 una
745 1985 815 2044 trita

68 2069 232 2132 adhibetur.
269 2071 386 2132 lentisci
416 2079 519 2132 tenera
542 2072 611 2132 lolia
634 2074 762 2133 contrita
786 2079 815 2132 et
844 2082 930 2146 24,42.

32 2170 52 2211 2⁰
68 2160 158 2220 ironti
182 2162 319 2238 imposita
343 2161 487 2239 epiloram
506 2159 701 2239 suspendunt.
734 2155 814 2220 man·
843 2171 948 2234 21121.

67 2247 210 2327 dragorae
229 2248 344 2308 radices
362 2256 446 2308 tusae
466 2267 535 2308 cum
554 2251 668 2308 rosacio
688 2266 723 2308 ex
747 2250 814 2308 vino

66 2340 153 2397 tritae
179 2336 398 2415 circumligatae
423 2337 566 2416 epiloram
588 2345 692 2397 sanant
711 2344 741 2396 et
764 2337 814 2396 do·

136 2489 180 2542 121.
199 2487 242 2542 De
260 2485 365 2561 epilorp
383 2488 413 2542 11
427 2493 442 2543 e
456 2489 492 2543 21
510 2489 641 2544 humores
654 2489 770 2545 0221022
787 2488 894 2545 infusos
912 2506 943 2560 9,
961 2490 1005 2545 11
1020 2491 1080 2561 epi·

64 2559 171 2628 pheres
184 2559 212 2613 d.
250 2565 264 2612 1
279 2558 377 2615 inlitae
391 2558 521 2630 frontiue
535 2559 622 2615 fronti
636 2559 726 2616 illitae
736 2561 765 2629 b,
780 2560 854 2634 illite
868 2563 928 2630 (om.
942 2561 1038 2630 fronti)
1052 2563 1080 2617 d.

100 2629 342 2696 11220222112022
354 2632 389 2699 r).
406 2635 411 2698 Ι
431 2631 582 2700 panniculo
597 2633 646 2686 br.
673 2635 677 2698 1
703 2648 785 2702 super
804 2632 898 2687 222102
916 2631 983 2701 imp.
1001 2633 1045 2686 rt.

65 2705 80 2753 5
100 2698 246 2769 epiphoris
259 2700 296 2754 rh
316 2701 375 2769 (hcc
393 2700 430 2755 21
448 2704 587 2757 tumorem
606 2718 647 2758 oc.
662 2704 692 2756 et
709 2704 839 2759 ruborem
857 2707 895 2756 cet
912 2718 963 2756 ccc.
978 2702 1047 2771 Pu).

66 2777 82 2826 6
101 2787 138 2828 m.
155 2770 252 2825 022122
266 2770 325 2837 (iia
339 2771 365 2839 1)
384 2771 588 2827 circumlinitur
600 2790 623 2828 r.
665 2779 699 2828 lo
713 2772 976 2829 ocimum-tritum
994 2772 1083 2828 oculis

64 2840 270 2896 circumlinitur
292 2843 337 2898 rb.
411 2849 443 2898 11
463 2860 526 2897 curn
544 2845 586 2913 pd
604 2844 684 2912 (Pi.):
713 2845 742 2900 in
760 2844 806 2898 rh.
833 2843 837 2912 Ι
863 2843 987 2899 contrite
1007 2846 1082 2914 prb:

63 2913 133 2966 tritu
156 2913 183 2968 d.
257 2918 290 2966 12
312 2912 342 2967 in
364 2915 417 2982 qd:
446 2929 480 2968 ex
501 2915 537 2969 rb
562 2914 641 2983 (Pi).
706 2921 739 2969 13
762 2913 897 2969 2121122122
914 2931 939 2984 p.
965 2919 970 2983 1
996 2916 1082 2971 22211-

65 2983 144 3037 22122
223 3000 285 3038 cum
300 3002 320 3038 2.
330 2983 435 3039 furetur
455 2987 541 3056 ceput
555 2985 599 3041 ΡΙ.
621 2991 625 3053 Ι
647 2985 777 3040 cauliculi
791 2983 901 3039 sicci-
912 2986 974 3042 triti
990 2987 1083 3056 impo-

65 3058 170 3110 nuntur
187 3055 234 3110 rb.
308 3060 341 3110 lt
358 3055 388 3109 iu
406 3055 479 3110 ierro
501 3058 590 3111 toste:
617 3057 762 3112 2022212212
783 3056 827 3111 Pl.
903 3060 1030 3115 litoteta
1053 3058 1084 3114 et

66 3141 97 3179 ex
117 3125 812 3197 21220212102121222212209,1021221212021.
864 3133 899 3182 18
913 3128 1081 3199 02102229,

66 3195 190 3250 01102212
203 3196 223 3251 d
241 3196 317 3264 (niis
332 3198 396 3266 b⁸)=
416 3197 554 3253 2011202112
567 3199 604 3254 rb
619 3199 697 3268 (Pi).
722 3201 726 3268 Ι
751 3200 850 3256 etune
867 3199 995 3269 (222291)
1009 3201 1081 3269 prb:

67 3267 225 3322 01212021.
291 3273 322 3323 19
342 3267 503 3324 udhibetur:
529 3269 776 3341 computarere)
795 3270 848 3339 91,
877 3268 1056 3326 2112221212.
1075 3271 1079 3338 1

67 3337 204 3393 12222121.
278 3345 312 3393 20
329 3338 479 3410 epiphoras
496 3342 540 3395 rb.
565 3341 600 3408 cs.
622 3341 698 3397 Plio.
723 3341 810 3397 022112
835 3339 1016 3395 inflammetis
1039 3340 1081 3392 in·

67 3406 199 3464 hnuntur.
273 3415 306 3464 22
333 3412 362 3464 21
386 3409 599 3480 circumligatae
615 3412 641 3467 21.
669 3411 673 3479 Ι
699 3412 850 3482 epiphorae
867 3411 912 3466 rh.
939 3413 943 3476 1
968 3425 991 3464 e.
1006 3427 1027 3464 2.
1047 3423 1082 3461 20

68 3478 278 3549 circumligatus
296 3481 420 3536 dolorem
439 3481 516 3536 illico
535 3482 634 3537 sedunt
647 3481 663 3535 1)
683 3483 729 3550 (m.
744 3483 823 3538 redit
838 3484 921 3535 12222
933 3496 957 3533 2.
968 3496 988 3533 r.
1005 3479 1034 3532 et
1048 3495 1082 3533 ex

68 3566 89 3603 v.
109 3551 181 3604 tritu
199 3551 322 3620 epiloras
340 3554 422 3607 22221
440 3553 470 3607 21
487 3552 565 3607 tollit
582 3552 707 3608 dolorem
725 3555 760 3623 r).
