2654 3878
586 151 806 216 ..68-

453 321 626 394 nascantur,
654 315 743 384 etiam
765 311 888 372 lomenti
907 309 1024 371 assidua
1047 309 1208 370 fricatione

321 413 425 479 22121.
454 402 599 464 tolluntur
619 421 654 462 ex
673 401 746 462 oleo.
784 398 926 479 pollinem
943 417 980 459 ex
1002 397 1066 458 oleo
1091 405 1208 477 tempe·

340 502 426 564 24,28.
454 498 522 552 rant
540 497 570 550 et
589 490 732 551 adiciunt:
760 488 888 549 extrahit
911 489 998 548 enim.
1036 486 1116 546 idem
1135 486 1209 545 iacit

234 649 236 652 ¹
340 588 427 652 24116.
456 588 486 640 et
499 581 722 639 ammoniacum.
754 576 852 637 salicis
866 593 1017 636 ramorum
1037 577 1209 654 primorum

300 724 304 729 .
456 668 583 727 cortices
605 673 773 728 exuruntur
794 682 957 744 eorumque
978 665 1053 724 cinis
1072 682 1109 723 ex
1129 671 1237 741 aqua5

323 765 428 830 28222.
455 757 613 834 impositus
641 754 726 816 tollit.
763 761 890 815 utuntur
913 760 944 813 ct
967 771 1035 812 scvo
1059 751 1210 813 bubulino

341 853 428 916 30‚81.
457 861 525 904 cum
557 845 633 903 turis
664 842 782 922 polline.
824 843 909 901 urina
938 843 1018 901 cauis
1049 858 1117 901 cum
1151 859 1210 900 suo
1314 869 1315 874 .

456 931 520 991 luto
543 932 715 1010 imponitur.

524 1089 646 1152 XXVI.
669 1051 843 1164 roucgrae
871 1092 992 1151 dolori.

344 1206 430 1270 3112.
527 1194 646 1255 Muscus
666 1196 717 1274 qui
739 1197 771 1255 in
786 1213 860 1274 aqua
884 1195 1016 1255 nascitur
1039 1195 1129 1256 tritus
1155 1198 1210 1256 im-

314 1288 431 1359 (24‚188)
459 1286 574 1364 positus
601 1283 732 1362 prodest.
769 1284 863 1345 farina
890 1283 1032 1346 frumenti
1063 1293 1149 1345 cocta
1173 1292 1254 1344 ex1⁰

327 1384 438 1447 32‚110.·
460 1381 543 1435 aceto
558 1375 735 1453 imponatur.
762 1373 876 1436 utiliter
895 1373 978 1435 dolor
1000 1383 1212 1453 perunguetur

461 1458 570 1544 <oleo>
602 1465 634 1523 in
663 1481 723 1543 quo
750 1463 871 1524 decocta
899 1465 959 1523 sint
991 1481 1131 1524 ranarum
1165 1465 1211 1522 iu-

359 1553 395 1608 11.
460 1555 576 1614 testim.
627 1569 716 1612 ranae
751 1551 874 1613 rubetae
910 1553 984 1612 cinis
1017 1571 1085 1612 cum
1122 1551 1212 1631 adipe

327 1649 431 1714 22141.
459 1649 568 1702 vetere.
595 1641 736 1719 palustris
760 1641 824 1700 lens
843 1641 976 1700 nascitur
998 1641 1029 1699 iu
1049 1657 1124 1718 aqua
1149 1658 1213 1699 non

458 1727 639 1808 profluente,
658 1728 880 1806 refrigeratoria
894 1729 957 1788 siue
973 1730 1213 1807 comparatione:
1230 1735 1257 1773 1⁵

408 1889 411 1896 ἱ
459 1816 532 1877 baec
551 1817 713 1894 imponitur
732 1816 778 1877 vel
797 1833 902 1896 perse
924 1818 1052 1876 contrita
1074 1816 1121 1876 vel
1140 1835 1214 1876 oum

345 1916 431 1978 3031.
460 1903 586 1984 polenta.
624 1903 709 1983 adipe
728 1906 861 1982 viperino
880 1903 972 1983 pedes
990 1912 1213 1983 perunguntur.

195 2003 282 2067 30:18.
308 1996 325 2030 *
343 1995 432 2067 (20,29
461 1993 603 2072 sanguine
631 1991 712 2052 milvi
740 1993 833 2071 pedes
864 2000 1081 2071 perunguntur.
1123 1991 1215 2053 ibisci

212 2075 246 2142 cf.
260 2075 432 2143 Gel⁸·1V‚³1)·
460 2081 575 2141 radices
599 2089 698 2141 coctas
718 2098 787 2140 cum
804 2082 930 2158 axungia
951 2082 1059 2140 misces
1079 2089 1108 2141 et
1132 2088 1213 2140 cate·

459 2168 571 2249 plasma
607 2167 733 2248 pedibus
769 2170 864 2246 ponis.
915 2167 1024 2227 malvae
1063 2170 1212 2230 erraticae
1231 2176 1258 2215 2⁰

268 2354 455 2423 llumentip
477 2354 684 2425 (tumentium).
756 2354 929 2410 ttolluntur
952 2371 985 2408 ex
1009 2353 1079 2410 oleo.
1112 2354 1213 2410 Fimus
1315 2369 1317 2386 ¹

196 2423 556 2480 columbinus-subactus
583 2424 738 2495 imponitur
759 2426 800 2494 pd
827 2425 887 2494 (qui
913 2425 1003 2480 eadem
1031 2442 1100 2494 quoe
1121 2441 1215 2494 cupro

191 2499 383 2565 pomi-15
397 2496 496 2550 iterroo
508 2495 553 2550 bio
565 2498 709 2565 repetunt).
737 2497 820 2550 rodere
832 2512 850 2565 y
860 2495 963 2565 (nond)
978 2496 1057 2550 addit
1067 2500 1216 2564 praetereo

196 2583 265 2638 quoe
283 2570 308 2623 et
324 2581 412 2636 usupra
430 2566 573 2620 adductio
595 2565 676 2620 limus
695 2563 757 2635 apri
774 2566 820 2622 vel
844 2565 1059 2635 suis—prodest
1086 2567 1141 2634 (bic
1159 2581 1213 2622 om.

195 2640 310 2709 recens).
336 2642 341 2706 1
369 2635 504 2706 pollinem
531 2637 582 2705 pb:
614 2636 734 2707 pollines
756 2637 783 2692 d.
865 2643 880 2691 3
909 2635 1032 2691 extrahit
1057 2652 1094 2692 sc.
1118 2636 1216 2692 clevos

197 2709 242 2778 (cf.
260 2712 324 2792 sep.)
374 2715 391 2762 4
410 2709 440 2763 et
456 2707 508 2778 pb:
527 2707 564 2762 ad
582 2709 608 2762 d.
635 2711 638 2776 Ι
664 2706 829 2776 primorum:
848 2722 1000 2776 prunorum
1019 2705 1043 2760 b.
1091 2714 1106 2762 6
1125 2722 1216 2763 saevo

196 2777 334 2834 bubuhno
352 2796 382 2848 p:
401 2795 467 2835 sevo
485 2777 591 2833 bubulo
610 2779 638 2845 b,
657 2776 756 2833 bubuli
773 2793 838 2832 sero
857 2777 883 2832 d.
939 2782 954 2830 1
974 2775 1063 2831 canis:
1083 2777 1118 2845 cf.
1138 2777 1219 2832 asini

200 2847 245 2902 Pl.
264 2853 361 2915 28222
381 2850 485 2917 (Mare.
499 2865 531 2917 p.
546 2849 616 2918 233).
634 2851 637 2916 Ι
654 2865 703 2904 suo
719 2848 778 2903 Pu:
797 2846 856 2903 solo
874 2847 944 2916 pdb.
988 2847 1219 2903 1111111111Ρο-

199 2917 303 2986 degree
321 2917 411 2972 dolori
429 2935 459 2988 p,
477 2918 522 2974 Ad
538 2919 723 3000 podagricum
741 2917 867 2972 dolorem
885 2918 911 2972 d.
955 2922 989 2971 10
1007 2916 1152 2972 frumenti:
1173 2921 1219 2974 sie

199 2991 224 3042 ot
238 2987 331 3043 Marc.
340 3005 372 3056 p.
382 2993 442 3045 250.
485 2996 516 3043 11
535 2991 697 3059 rmpouatur
709 3005 739 3058 p:
754 2987 840 3044 -nitur
850 2988 898 3042 cib.
914 2990 919 3056 l
934 2989 1124 3058 perangustum
1132 3005 1150 3058 9
1160 2987 1218 3058 (b):

199 3056 323 3127 -gitnrd
362 3063 394 3112 12
410 3059 472 3114 oleo
486 3060 554 3129 (Pt,
564 3060 598 3126 of.
610 3061 702 3115 Marc.
713 3077 743 3127 p.
754 3065 805 3114 248
823 3079 829 3112 1
844 3074 893 3113 orn.
904 3059 995 3127 pdrb.
1012 3061 1015 3126 Ι
1033 3057 1089 3112 sint
1096 3074 1115 3128 p
1129 3057 1219 3126 (Pl.):

199 3129 266 3182 sunt
283 3128 331 3182 db.
405 3135 438 3183 14
456 3129 588 3200 palustris
611 3130 692 3200 (Pl.):
720 3130 753 3183 In
819 3128 903 3184 ostris
926 3129 1004 3198 pbm,
1031 3128 1064 3182 In
1082 3129 1220 3198 palustri-

199 3199 252 3255 bus
270 3197 319 3254 db.
370 3204 404 3254 18
423 3198 557 3268 sangarius
576 3199 656 3255 milvi
674 3218 701 3270 p.
720 3218 747 3269 p.
766 3215 784 3268 p
808 3199 853 3266 (cf.
872 3198 956 3268 Sillip
973 3204 998 3254 et
1015 3199 1089 3253 Deli.
1108 3199 1147 3253 aa
1165 3199 1220 3253 Pl.

200 3274 504 3339 conploratam
523 3270 616 3326 Marc.
634 3287 666 3339 p.
685 3271 762 3338 246)=
789 3271 833 3338 irie
856 3285 906 3325 om.
925 3269 956 3338 d,
985 3270 1034 3338 qui
1056 3271 1220 3338 uousponit

195 3345 260 3411 post
277 3358 302 3396 o.
321 3346 356 3396 20
379 3337 498 3410 pedibus
520 3340 608 3411 ponis.
625 3342 629 3408 Ι
645 3338 741 3396 Ebisci
758 3355 788 3408 p,
816 3338 910 3396 Erisci
928 3341 967 3395 do
995 3341 1069 3408 (cum
1091 3339 1220 3408 axungia

201 3427 251 3466 om.
271 3411 316 3468 Pl.
340 3411 519 3481 810118.ᾳωὶ
540 3411 639 3466 bobum
661 3429 695 3468 ex
712 3409 798 3479 rino).
873 3416 906 3466 19
926 3408 1099 3479 cataplasma
1117 3408 1178 3478 (ric)
1199 3428 1220 3480 9

201 3481 261 3549 (too
279 3498 329 3536 om.
350 3482 404 3551 Pi,
422 3483 502 3537 tabet
521 3479 631 3548 Celsus).
