2588 3886
458 191 699 256 -189—

69 372 131 414 cum
155 354 223 414 oleo
248 359 281 414 et
305 361 389 414 aceto
413 355 503 415 tritus
526 353 675 435 inlinitur,
700 356 832 434 quamvis
856 356 975 434 quidam
1022 361 1037 394 *

68 460 131 502 cnm
155 442 220 503 solo
249 459 374 504 rosaceo
402 451 501 504 terere
529 443 697 504 maluerint.
738 445 865 522 gummis
893 451 977 523 gutta
1022 449 1037 482 ’¹‘

67 549 150 609 quam
173 531 291 610 persici
312 539 439 592 truncus
462 530 640 611 inlacrimat,
662 531 767 592 liuenti
790 531 853 592 alvo
876 531 975 592 mede·

66 628 119 680 tur.
156 619 266 680 eadem
290 622 381 681 mixta
399 637 468 681 cum
485 622 554 680 vino
577 622 666 681 etiam
688 622 720 680 in
742 622 839 680 vesica
861 619 976 700 lapillos

44 708 183 789 tirangit,
207 711 283 768 trita
306 726 343 768 ex
366 705 451 770 aceto
472 710 661 788 impetigines
683 710 832 788 reprimit,
853 707 976 770 decocta

67 814 130 856 cum
153 815 247 858 croco
272 804 407 858 tumores
433 797 564 858 saucium
587 798 713 877 mitigat,
741 814 876 876 asperam
899 805 976 858 arte-

67 886 122 944 riae
146 885 285 946 canalem
308 884 449 947 leviorem
469 886 553 966 facit,
576 884 785 946 excreantibus
803 886 977 965 sanguinem

67 975 137 1034 miro
151 973 244 1034 modo
260 973 413 1056 subvenit,
431 973 562 1035 thoracis
581 973 741 1035 obstrictos
756 975 840 1034 sinus
854 982 977 1055 reserat,

68 1062 132 1123 vitia
153 1063 310 1142 pulmonis
334 1071 486 1143 expurgat.

130 1263 235 1320 XLV.
269 1265 320 1338 Do
343 1263 453 1319 citrio.
840 1290 842 1295 ·
1024 1261 1039 1295 ²⁸

40 1387 60 1426 1⁰
129 1379 196 1442 Non
215 1401 280 1443 una
298 1381 461 1461 eademque
480 1382 576 1442 virtus
594 1383 625 1440 in
644 1379 783 1442 omnibus
802 1383 881 1442 citrii
898 1373 1084 1499 par-(mk

979 1515 1034 1583 soc.
1049 1525 1084 1574 VI,

994 1589 1067 1656 618.)

72 1465 145 1528 tibus
156 1473 354 1534 continetur.
391 1488 461 1531 nam
483 1471 590 1530 semini
608 1467 721 1529 acidam
739 1478 917 1549 potestatem
935 1489 970 1531 ac

74 1673 285 1690 Ἢ

128 1749 303 1810 Persicorum
326 1751 402 1810 cibus
417 1761 461 1810 est
482 1752 591 1826 quidem
613 1751 754 1810 stomacho
776 1752 879 1810 inutilis
903 1752 976 1828 qaod
996 1757 1051 1825 (69)

74 1833 121 1889 cito
147 1853 232 1894 sucus
261 1853 360 1896 eorum
386 1844 506 1907 acescat,
535 1845 564 1894 et
589 1853 652 1894 earo
681 1838 738 1894 eius
766 1837 976 1912 indigestionem

44 1914 137 1976 1⁵lacit.
173 1929 268 1980 tamen
290 1930 355 1996 post
377 1920 466 1978 cibum
488 1923 512 1977 si
526 1920 625 1978 dantur
648 1921 750 1978 utilitas
765 1930 816 1977 cst.
846 1938 897 1978 nec
921 1939 976 1978 rron

75 2007 98 2054 et
117 2006 187 2060 cocti
208 2007 236 2062 iu
258 2008 320 2062 iure
333 2007 357 2063 si
376 2021 439 2062 cum
459 2004 537 2079 pullo
560 2005 709 2080 gallinaceo
724 2014 885 2078 sumuntur,
909 2023 975 2062 nau·

75 2083 134 2141 siam
148 2091 303 2166 stringunt.
339 2090 403 2146 iolla
419 2105 513 2146 eorum
536 2091 599 2146 trita
620 2105 681 2147 cum
697 2089 772 2147 calda
794 2097 858 2163 pota
880 2099 976 2146 contra

76 2164 213 2230 lumbricos
235 2177 380 2233 viscerum.
416 2173 540 2230 similiter
567 2173 632 2230 iolla
660 2175 723 2230 trita
745 2173 871 2231 umbilico
898 2176 978 2248 inpo-

77 2261 180 2315 nuntur.
217 2259 317 2316 nucleo
345 2262 513 2333 persicorum
535 2275 597 2316 cum
619 2268 696 2316 aceto
719 2267 747 2314 et
772 2258 835 2315 oleo
858 2256 977 2315 lrontcm

48 2331 162 2399 sttuite:
196 2345 294 2418 capitis
320 2342 443 2400 dolorem
471 2343 553 2401 tollit.
595 2344 697 2418 gummi
726 2357 820 2401 eorum
842 2345 869 2400 in
892 2359 977 2418 posca

78 2420 162 2482 soluto
184 2437 251 2503 pota
274 2428 434 2504 sangumem
460 2429 613 2486 reicientes.
649 2445 745 2488 sucum
767 2427 895 2486 loliorum
918 2429 976 2484 eius

79 2518 133 2562 eum
154 2520 230 2570 aceto
254 2512 287 2572 ad
309 2528 413 2570 vermes
428 2514 531 2570 aurium
554 2513 700 2572 instillato:
723 2521 750 2570 ot
767 2513 876 2569 vulnera
899 2519 977 2568 curat

80 2595 104 2642 et
124 2609 225 2653 vermes
248 2605 338 2655 necat.

135 2679 290 2740 Armeniaca
310 2682 394 2740 calida
415 2691 443 2739 et
464 2686 595 2758 styptica,
618 2684 759 2741 stomacho
774 2681 848 2740 valde
865 2680 972 2736 utiliora
991 2676 1050 2745 (⁷⁰)

52 2756 105 2812 ²⁵111
125 2762 183 2820 cibo
205 2777 323 2842 sumpta.

84 2889 289 2912 N*—

148 3042 210 3096 lot
228 3044 310 3098 aceto
322 3043 412 3112 poldz
431 3057 481 3098 om.
499 3041 709 3112 rhlquamvis
723 3057 787 3096 cum
801 3059 821 3096 s.
836 3059 857 3097 r.
878 3040 993 3112 qnidam
1006 3041 1087 3098 trb.

116 3107 277 3184 iGummis
299 3115 390 3184 pald:
418 3113 532 3170 Gummi
557 3114 602 3169 rb.
665 3112 794 3169 4mixta
815 3113 905 3184 pald:
933 3129 983 3170 om.
1008 3113 1053 3170 rb.

87 3175 291 3256 impetigines
308 3199 356 3255 pv.
410 3187 568 3241 clamores
585 3186 673 3255 potet:
697 3201 769 3240 -rem
785 3187 832 3240 ab.
853 3187 859 3254 l
878 3190 944 3256 post
964 3186 1098 3256 tumores

87 3241 151 3302 deest
167 3251 264 3319 solium
281 3273 369 3312 coum
386 3257 448 3310 iao
467 3256 562 3325 (usgue
579 3257 730 3322 &192341
746 3255 840 3311 liendo
859 3254 1039 3312 accommoda
1069 3255 1089 3321 ).

91 3311 220 3381 littorias
238 3343 366 3400 asperam
385 3343 408 3383 c.
426 3325 463 3382 rb
526 3324 712 3381 eobsirictus
730 3326 775 3381 rb.
800 3345 802 3352 ’
830 3329 969 3397 spargat
986 3325 1027 3380 ld.
1050 3340 1089 3380 ac-

89 3396 203 3470 memor
228 3400 259 3451 in
286 3399 306 3454 d
331 3398 438 3468 pauceio
491 3411 525 3451 ecc
551 3398 633 3452 initio
661 3412 721 3466 cap.
745 3402 878 3467 cacerpta.
950 3397 991 3450 ta't.
1020 3395 1089 3465 (etc.)

89 3457 215 3587 ξέἓοιρῑ
229 3470 277 3538 (r):
305 3472 401 3540 cytreo
420 3469 435 3525 b
459 3467 596 3538 (citroli).
673 3473 707 3523 10
726 3467 790 3524 Nou
811 3483 881 3522 una:
907 3465 1087 3540 Nominat!
