2640 3884
570 143 892 208 --136--Ι

293 304 399 368 breves
418 305 524 386 pilulas
543 304 761 386 deformantur,
785 324 822 366 ex
847 304 956 385 quibus
974 324 1034 366 una
1052 306 1099 368 vel
1119 307 1206 388 duae,

295 397 320 456 si
350 394 442 457 feltris
465 412 526 456 non
549 395 653 475 luerit,
680 394 761 455 dulci
784 397 852 456 vino
878 395 1027 456 resolutae
1050 402 1204 474 potantur.

294 487 320 546 si
343 487 423 547 enim
444 483 537 546 lebris
561 484 661 564 luerit,
683 501 760 562 aque
778 483 926 546 resolutae
950 484 1113 545 dormitum
1131 503 1206 545 eun·

201 569 212 590 ’
293 571 374 634 tibus
388 575 594 652 propinantur.
627 579 771 651 quantum
785 572 858 634 haec
876 575 958 652 potio
977 573 1072 634 valeat
1089 575 1208 634 utinam

294 661 375 722 nulla
390 661 539 724 calamitas
556 655 703 741 doegisset
721 670 755 723 ut
768 664 973 742 experimento
987 680 1054 722 meo
1074 679 1206 723 nossem.
1224 673 1241 714 5

189 851 236 910 Pl·
251 857 294 922 20,
362 863 423 918 111.
446 863 495 918 De
517 865 607 919 rute.

220 931 262 980 51.
321 979 323 984 ’
362 977 471 1041 Rutam
490 980 572 1042 valde
596 979 766 1041 hominibus
790 979 949 1042 salutarem
973 989 1122 1043 testantur
1160 991 1208 1044 tot

296 1069 427 1129 antidota
450 1062 635 1130 medicorum
663 1069 773 1148 quide
798 1071 862 1130 eius
886 1071 1006 1130 nomine
1030 1071 1206 1151 gloriantur.

234 1169 250 1202 *
296 1176 311 1217 e
336 1155 445 1236 quibus
473 1176 567 1218 unum
595 1176 655 1218 non
682 1156 787 1219 inutile
817 1177 962 1238 exponam
991 1167 1146 1240 repertum
1175 1161 1209 1221 in

296 1249 430 1326 aegyptia
457 1245 534 1306 lovis
559 1248 676 1312 civitate
705 1253 793 1326 atque
817 1246 886 1306 inde
915 1247 1011 1309 adhuc
1035 1247 1208 1328 Diospoliti·

296 1353 364 1394 cum
379 1335 491 1396 dictum
507 1333 697 1415 diapeganon.
726 1335 911 1396 stomachum
924 1339 1046 1419 excitat,
1065 1334 1207 1415 digestio·
1223 1349 1253 1388 1⁰

296 1441 365 1483 nem
380 1423 598 1504 adcommodat,
618 1424 715 1484 alvum
728 1423 835 1505 mollit,
857 1423 948 1484 bilem
964 1433 1116 1506 extenuat,
1136 1427 1210 1486 vitia

296 1515 427 1592 pectoris
451 1513 552 1574 lateris
575 1515 684 1574 iecoris
707 1531 741 1574 ao
764 1530 872 1573 renum
890 1515 1013 1593 mitigat.
1048 1515 1209 1575 conficitur

297 1603 354 1662 sio:
382 1610 467 1662 rutae
486 1601 589 1672 viridis
612 1610 654 1644 -'
679 1616 729 1682 vt,
752 1604 862 1680 cymini
884 1635 926 1644 —
947 1617 997 1683 vt,
1026 1604 1142 1682 piperis
1163 1635 1209 1646 --

297 1705 347 1770 VI,
370 1693 442 1750 nitri
466 1723 508 1732 -·-
532 1705 581 1751 111.
625 1693 775 1769 cyminum
803 1697 886 1752 aceto
914 1694 998 1771 prius
1027 1700 1209 1771 maceratur,

298 1936 358 1976 cum
385 1937 454 1994 pane
481 1920 654 1994 superposita
683 1919 838 1995 lippitudini
873 1921 1017 1978 medentur
1043 1932 1071 1978 et
1099 1938 1208 1978 omnem
1223 1925 1251 1966 ¹⁵

299 2011 433 2061 tumorem
464 2013 650 2079 compescunt.
687 2004 776 2078 ipsum
799 2007 889 2080 apium
912 2004 996 2062 viride
1023 2007 1119 2062 tritum
1146 2023 1209 2063 cor·

297 2089 357 2162 pori
392 2089 517 2146 intricate
540 2087 586 2146 ubi
609 2090 647 2145 vis
676 2089 750 2165 quod
772 2089 873 2147 variola
887 2107 943 2147 oon
966 2097 1098 2149 transeat:
1121 2093 1207 2148 iuvat.

297 2190 390 2230 semen
413 2173 465 2248 apii
488 2177 581 2231 tritum
597 2184 625 2231 et
639 2172 711 2232 aliud
737 2182 841 2231 tautum
856 2191 948 2231 semen
971 2176 1057 2248 aneti,
1080 2175 1210 2232 similiter

297 2273 388 2314 semen
404 2261 555 2332 yoscyami,
578 2259 633 2333 apii¹
652 2276 746 2316 comae
765 2257 883 2315 medium
907 2268 1026 2331 tantum,
1049 2261 1155 2340 tritaet
1170 2261 1209 2316 ci·

297 2341 388 2414 brata,
412 2359 559 2416 conspersa
574 2360 659 2418 aqua,
683 2342 794 2419 pillulae
810 2342 971 2417 figurentur.
1002 2345 1024 2399 si
1047 2343 1138 2401 lebres
1161 2343 1208 2400 ad·
1222 2361 1250 2402 eo

298 2424 416 2498 luerint,
440 2443 493 2484 una
514 2436 562 2483 aut
584 2427 655 2485 duae
677 2430 706 2484 iu
728 2444 797 2502 aqua
812 2427 920 2484 solutae
942 2427 1063 2485 cubitum
1079 2429 1209 2485 euntibus

241 2513 244 2515 ’
297 2509 413 2567 dentur:
436 2511 533 2568 mirum
556 2507 624 2589 est]

190 2855 241 2910 a
264 2785 773 2926 1,a,t,)9a,13i1ap„,a„„2
792 2785 1209 2924 ilattttltllttlt‘tt

185 2873 337 2995 tresolutss
354 2928 379 2981 b.
425 2928 532 2983 tanim
550 2875 900 2998 onrotresolutfforo.
947 2927 1072 2982 enulla:
1091 2927 1209 2995 nuder,

190 2995 299 3051 nullam
325 2999 340 3052 b
373 3001 408 3068 (l,
437 3000 516 3054 nulla
542 3000 583 3055 ed.
612 2999 697 3068 Vsu).
726 3000 730 3067 Ι
760 2999 899 3069 coegisset
926 2998 1116 3068 experimento
1144 3015 1209 3053 meo

190 3068 300 3122 nomme
323 3069 368 3122 rb.
434 3071 653 3140 tquipotor:
682 3071 825 3138 quaero
876 3077 1002 3127 sunum
1027 3071 1209 3139 emites-

191 3155 295 3208 ponam
316 3141 384 3208 pol:
411 3159 515 3209 ponam
537 3143 582 3198 rb.
648 3141 798 3196 scisitate
822 3143 907 3210 atque
924 3141 943 3196 i.
963 3158 988 3195 a.
1008 3139 1209 3210 di(y)ospolim.

191 3208 298 3266 dictum
313 3211 400 3280 (diota
413 3213 434 3281 l)
452 3212 671 3283 di(y)opegsuou
683 3213 749 3282 pol:
778 3211 894 3268 civitate
911 3211 1038 3282 Diospoli
1055 3215 1142 3280 utque
1159 3211 1209 3266 ed·

192 3281 248 3336 hue
267 3281 445 3352 diepegenon
463 3283 570 3338 dietum
588 3286 633 3340 rb.
665 3286 700 3352 of.
722 3283 784 3338 Gal.
804 3294 840 3343 Vt,
855 3289 978 3339 tentet)
997 3284 1090 3352 (atque
1107 3299 1141 3337 ea
1161 3283 1209 3337 Pe.

193 3352 290 3408 Plotio
315 3353 421 3409 Oritas.
453 3361 502 3409 oet.
522 3356 569 3410 lot.
589 3357 629 3411 ed.
646 3357 712 3411 Par.
733 3360 802 3410 teas
821 3371 853 3424 p.
871 3361 943 3424 337).
1008 3359 1041 3408 10
1059 3355 1136 3422 quod
1154 3356 1209 3408 sto·

191 3425 324 3480 maehum
342 3426 379 3480 rb
404 3426 493 3493 (Ruta
511 3428 592 3482 stom.
612 3443 635 3482 e.
653 3429 714 3497 νο).
775 3433 808 3481 13
827 3425 931 3496 Recipe
949 3427 1029 3480 rutae
1047 3441 1062 3478 r
1085 3427 1154 3494 (non
1172 3425 1207 3492 b).

266 3502 299 3550 14
317 3499 396 3553 aceto
416 3497 493 3567 prius
510 3514 566 3566 po:
585 3497 663 3568 prius
682 3501 762 3554 aceto
781 3499 838 3553 ibt·
857 3497 945 3568 (prius
962 3496 992 3550 in
1010 3513 1084 3564 eque
1100 3497 1159 3565 rb).
