<?xml version="1.0" encoding="UTF-8"?>
<!DOCTYPE html PUBLIC "-//W3C//DTD XHTML 1.0 Transitional//EN"
    "http://www.w3.org/TR/xhtml1/DTD/xhtml1-transitional.dtd">
<html xmlns="http://www.w3.org/1999/xhtml" xml:lang="en" lang="en">
 <head>
  <title>
</title>
<meta http-equiv="Content-Type" content="text/html;charset=utf-8" />
  <meta name='ocr-system' content='tesseract 3.04.00' />
  <meta name='ocr-capabilities' content='ocr_page ocr_carea ocr_par ocr_line ocrx_word'/>
</head>
<body>
  <div class='ocr_page' id='page_1' title='image "./pliniisecundiqu03plingoog_0066.png"; bbox 0 0 2654 3878; ppageno 0'>
   <div class='ocr_carea' id='block_1_1' title="bbox 524 145 742 211">
    <p class='ocr_par' dir='ltr' id='par_1_1' title="bbox 524 145 742 211">
     <span class='ocr_line' id='line_1_1' title="bbox 524 145 742 211; baseline 0.005 -21"><span class='ocrx_word' id='word_1_1' title='bbox 524 145 742 211; x_wconf 54' lang='lat'>-59..</span> 
     </span>
    </p>
   </div>
   <div class='ocr_carea' id='block_1_2' title="bbox 126 307 961 568">
    <p class='ocr_par' dir='ltr' id='par_1_2' title="bbox 126 307 961 568">
     <span class='ocr_line' id='line_1_2' title="bbox 130 307 961 388; baseline -0.004 -16"><span class='ocrx_word' id='word_1_2' title='bbox 130 309 297 373; x_wconf 89' lang='lat' dir='ltr'>cordiorum</span> <span class='ocrx_word' id='word_1_3' title='bbox 325 311 478 372; x_wconf 83' lang='lat' dir='ltr'><strong>curatione</strong></span> <span class='ocrx_word' id='word_1_4' title='bbox 506 307 671 371; x_wconf 89' lang='lat' dir='ltr'>subiectam</span> <span class='ocrx_word' id='word_1_5' title='bbox 693 310 785 388; x_wconf 90' lang='lat' dir='ltr'>operi.</span> <span class='ocrx_word' id='word_1_6' title='bbox 822 309 872 370; x_wconf 91' lang='lat' dir='ltr'>he·</span> <span class='ocrx_word' id='word_1_7' title='bbox 944 313 961 349; x_wconf 83' lang='lat'><strong>*</strong></span> 
     </span>
     <span class='ocr_line' id='line_1_3' title="bbox 129 397 871 479; baseline -0.003 -19"><span class='ocrx_word' id='word_1_8' title='bbox 129 399 214 462; x_wconf 84' lang='lat' dir='ltr'>derne</span> <span class='ocrx_word' id='word_1_9' title='bbox 238 407 268 461; x_wconf 91' lang='lat' dir='ltr'>et</span> <span class='ocrx_word' id='word_1_10' title='bbox 291 397 409 479; x_wconf 90' lang='lat' dir='ltr'>gladioli</span> <span class='ocrx_word' id='word_1_11' title='bbox 432 417 523 460; x_wconf 90' lang='lat' dir='ltr'>sucus</span> <span class='ocrx_word' id='word_1_12' title='bbox 550 399 616 477; x_wconf 89' lang='lat' dir='ltr'>pari</span> <span class='ocrx_word' id='word_1_13' title='bbox 638 415 779 460; x_wconf 88' lang='lat' dir='ltr'>mensura</span> <span class='ocrx_word' id='word_1_14' title='bbox 802 415 871 460; x_wconf 91' lang='lat' dir='ltr'>cum</span> 
     </span>
     <span class='ocr_line' id='line_1_4' title="bbox 126 487 621 568; baseline -0.004 -17"><span class='ocrx_word' id='word_1_15' title='bbox 126 506 212 568; x_wconf 88' lang='lat' dir='ltr'>passo</span> <span class='ocrx_word' id='word_1_16' title='bbox 235 487 396 551; x_wconf 78' lang='lat' dir='ltr'>calefactus</span> <span class='ocrx_word' id='word_1_17' title='bbox 417 490 503 568; x_wconf 84' lang='lat' dir='ltr'>potui</span> <span class='ocrx_word' id='word_1_18' title='bbox 526 488 621 550; x_wconf 89' lang='lat' dir='ltr'>datur.</span> 
     </span>
    </p>
   </div>
   <div class='ocr_carea' id='block_1_3' title="bbox 189 669 571 739">
    <p class='ocr_par' dir='ltr' id='par_1_3' title="bbox 189 669 571 739">
     <span class='ocr_line' id='line_1_5' title="bbox 189 669 571 739; baseline 0 -11"><span class='ocrx_word' id='word_1_19' title='bbox 189 671 281 728; x_wconf 74' lang='grc' dir='ltr'>ΠΙ.</span> <span class='ocrx_word' id='word_1_20' title='bbox 305 669 571 739; x_wconf 73' lang='lat' dir='ltr'>condylomatis.</span> 
     </span>
    </p>
   </div>
   <div class='ocr_carea' id='block_1_4' title="bbox 95 769 1001 940">
    <p class='ocr_par' dir='ltr' id='par_1_4' title="bbox 95 769 1001 940">
     <span class='ocr_line' id='line_1_6' title="bbox 189 769 1001 851; baseline -0.004 -19"><span class='ocrx_word' id='word_1_21' title='bbox 189 770 296 832; x_wconf 82' lang='lat' dir='ltr'>Oleum</span> <span class='ocrx_word' id='word_1_22' title='bbox 315 779 400 832; x_wconf 88' lang='lat' dir='ltr'>vetus</span> <span class='ocrx_word' id='word_1_23' title='bbox 417 773 517 851; x_wconf 82' lang='lat' dir='ltr'>picem</span> <span class='ocrx_word' id='word_1_24' title='bbox 536 769 678 851; x_wconf 85' lang='lat' dir='ltr'>pollinem</span> <span class='ocrx_word' id='word_1_25' title='bbox 700 770 868 850; x_wconf 78' lang='lat' dir='ltr'>decoquere</span> <span class='ocrx_word' id='word_1_26' title='bbox 895 780 1001 844; x_wconf 61' lang='lat' dir='ltr'>attat.</span> 
     </span>
     <span class='ocr_line' id='line_1_7' title="bbox 95 859 869 940; baseline 0.004 -22"><span class='ocrx_word' id='word_1_27' title='bbox 95 866 242 940; x_wconf 82' lang='lat' dir='ltr'>opportet</span> <span class='ocrx_word' id='word_1_28' title='bbox 276 867 307 921; x_wconf 88' lang='lat' dir='ltr'>et</span> <span class='ocrx_word' id='word_1_29' title='bbox 343 877 432 940; x_wconf 89' lang='lat' dir='ltr'>quam</span> <span class='ocrx_word' id='word_1_30' title='bbox 464 859 676 922; x_wconf 90' lang='lat' dir='ltr'>calidissimum</span> <span class='ocrx_word' id='word_1_31' title='bbox 707 861 869 940; x_wconf 81' lang='lat' dir='ltr'><strong>imponere.</strong></span> 
     </span>
    </p>
   </div>
   <div class='ocr_carea' id='block_1_5' title="bbox 124 994 1137 1212">
    <p class='ocr_par' dir='ltr' id='par_1_5' title="bbox 124 994 1137 1212">
     <span class='ocr_line' id='line_1_8' title="bbox 197 994 1137 1066; baseline -0.005 -16"><span class='ocrx_word' id='word_1_32' title='bbox 197 1002 209 1050; x_wconf 94' lang='lat' dir='ltr'>l</span> <span class='ocrx_word' id='word_1_33' title='bbox 233 995 416 1051; x_wconf 77' lang='lat' dir='ltr'>subiectum:</span> <span class='ocrx_word' id='word_1_34' title='bbox 450 998 485 1064; x_wconf 75' lang='lat' dir='ltr'>cf.</span> <span class='ocrx_word' id='word_1_35' title='bbox 504 1013 598 1066; x_wconf 71' lang='lat' dir='ltr'>saepta.</span> <span class='ocrx_word' id='word_1_36' title='bbox 623 1012 645 1051; x_wconf 77' lang='lat' dir='ltr'>c,</span> <span class='ocrx_word' id='word_1_37' title='bbox 664 1002 689 1051; x_wconf 83' lang='lat'>4.</span> <span class='ocrx_word' id='word_1_38' title='bbox 757 996 800 1049; x_wconf 73' lang='lat' dir='ltr'>tit.</span> <span class='ocrx_word' id='word_1_39' title='bbox 823 1014 892 1049; x_wconf 83' lang='lat' dir='ltr'>xvm</span> <span class='ocrx_word' id='word_1_40' title='bbox 924 995 975 1063; x_wconf 77' lang='lat' dir='ltr'>(sic</span> <span class='ocrx_word' id='word_1_41' title='bbox 996 1008 1052 1064; x_wconf 74' lang='lat' dir='ltr'>pro</span> <span class='ocrx_word' id='word_1_42' title='bbox 1079 994 1137 1059; x_wconf 67' lang='grc' dir='ltr'>ιιι)</span> 
     </span>
     <span class='ocr_line' id='line_1_9' title="bbox 125 1061 1137 1138; baseline -0.003 -18"><span class='ocrx_word' id='word_1_43' title='bbox 125 1064 325 1122; x_wconf 74' lang='lat' dir='ltr'>condilomatis</span> <span class='ocrx_word' id='word_1_44' title='bbox 344 1066 473 1124; x_wconf 84' lang='lat' dir='ltr'>collectio</span> <span class='ocrx_word' id='word_1_45' title='bbox 492 1066 636 1138; x_wconf 84' lang='lat' dir='ltr'>sanguinis</span> <span class='ocrx_word' id='word_1_46' title='bbox 653 1084 679 1136; x_wconf 79' lang='lat' dir='ltr'>p,</span> <span class='ocrx_word' id='word_1_47' title='bbox 697 1065 742 1121; x_wconf 82' lang='lat' dir='ltr'>Ad</span> <span class='ocrx_word' id='word_1_48' title='bbox 757 1065 947 1121; x_wconf 79' lang='lat' dir='ltr'>condilomate</span> <span class='ocrx_word' id='word_1_49' title='bbox 956 1065 982 1120; x_wconf 85' lang='lat' dir='ltr'>d.</span> <span class='ocrx_word' id='word_1_50' title='bbox 1046 1061 1137 1134; x_wconf 67' lang='lat' dir='ltr'>spol-</span> 
     </span>
     <span class='ocr_line' id='line_1_10' title="bbox 124 1135 750 1212; baseline 0 -20"><span class='ocrx_word' id='word_1_51' title='bbox 124 1135 228 1193; x_wconf 89' lang='lat' dir='ltr'>lienem</span> <span class='ocrx_word' id='word_1_52' title='bbox 241 1153 267 1207; x_wconf 79' lang='lat' dir='ltr'>g.</span> <span class='ocrx_word' id='word_1_53' title='bbox 322 1142 338 1192; x_wconf 88' lang='lat'><strong>5</strong></span> <span class='ocrx_word' id='word_1_54' title='bbox 353 1137 497 1208; x_wconf 79' lang='lat' dir='ltr'><strong>imponere</strong></span> <span class='ocrx_word' id='word_1_55' title='bbox 510 1138 584 1212; x_wconf 74' lang='lat' dir='ltr'>prb:</span> <span class='ocrx_word' id='word_1_56' title='bbox 604 1154 708 1209; x_wconf 85' lang='lat' dir='ltr'>ponere</span> <span class='ocrx_word' id='word_1_57' title='bbox 722 1137 750 1193; x_wconf 80' lang='lat' dir='ltr'>d.</span> 
     </span>
    </p>
   </div>
   <div class='ocr_carea' id='block_1_6' title="bbox 190 1368 549 1454">
    <p class='ocr_par' dir='ltr' id='par_1_6' title="bbox 190 1368 549 1454">
     <span class='ocr_line' id='line_1_11' title="bbox 190 1368 549 1454; baseline 0 -18"><span class='ocrx_word' id='word_1_58' title='bbox 190 1368 284 1454; x_wconf 78' lang='lat' dir='ltr'><strong>(xv.</strong></span> <span class='ocrx_word' id='word_1_59' title='bbox 307 1377 404 1436; x_wconf 78' lang='lat' dir='ltr'>seon</span> <span class='ocrx_word' id='word_1_60' title='bbox 425 1369 549 1452; x_wconf 71' lang='lat' dir='ltr'>viena&gt;</span> 
     </span>
    </p>
   </div>
   <div class='ocr_carea' id='block_1_7' title="bbox 183 1683 447 1758">
    <p class='ocr_par' dir='ltr' id='par_1_7' title="bbox 183 1683 447 1758">
     <span class='ocr_line' id='line_1_12' title="bbox 183 1683 447 1758; baseline 0.004 -19"><span class='ocrx_word' id='word_1_61' title='bbox 183 1683 281 1752; x_wconf 82' lang='lat' dir='ltr'>(Geli</span> <span class='ocrx_word' id='word_1_62' title='bbox 303 1685 447 1758; x_wconf 77' lang='lat' dir='ltr'>dolori.)</span> 
     </span>
    </p>
   </div>
   <div class='ocr_carea' id='block_1_8' title="bbox 114 1741 1134 1941">
    <p class='ocr_par' dir='ltr' id='par_1_8' title="bbox 114 1741 1134 1941">
     <span class='ocr_line' id='line_1_13' title="bbox 187 1741 981 1856; baseline -0.004 -19"><span class='ocrx_word' id='word_1_63' title='bbox 187 1774 269 1856; x_wconf 83' lang='lat' dir='ltr'>[dolo</span> <span class='ocrx_word' id='word_1_64' title='bbox 296 1788 324 1838; x_wconf 90' lang='lat' dir='ltr'>et</span> <span class='ocrx_word' id='word_1_65' title='bbox 352 1782 477 1840; x_wconf 90' lang='lat' dir='ltr'>omnibus</span> <span class='ocrx_word' id='word_1_66' title='bbox 505 1741 699 1840; x_wconf 84' lang='lat' dir='ltr'>intestinorum</span> <span class='ocrx_word' id='word_1_67' title='bbox 728 1779 869 1839; x_wconf 86' lang='lat' dir='ltr'>doloribus</span> <span class='ocrx_word' id='word_1_68' title='bbox 905 1784 981 1848; x_wconf 59' lang='lat'>3052</span> 
     </span>
     <span class='ocr_line' id='line_1_14' title="bbox 114 1856 1134 1941; baseline -0.002 -19"><span class='ocrx_word' id='word_1_69' title='bbox 114 1883 129 1921; x_wconf 90' lang='grc'>·.</span> <span class='ocrx_word' id='word_1_70' title='bbox 154 1907 161 1920; x_wconf 93' lang='grc'><strong><em>.</em></strong></span> <span class='ocrx_word' id='word_1_71' title='bbox 187 1906 195 1922; x_wconf 91' lang='grc'><strong>.</strong></span> <span class='ocrx_word' id='word_1_72' title='bbox 219 1863 405 1925; x_wconf 80' lang='lat' dir='ltr'>efficacissime</span> <span class='ocrx_word' id='word_1_73' title='bbox 427 1866 551 1925; x_wconf 79' lang='lat' dir='ltr'><strong>subvenit</strong></span> <span class='ocrx_word' id='word_1_74' title='bbox 573 1867 628 1924; x_wconf 90' lang='lat' dir='ltr'>avis</span> <span class='ocrx_word' id='word_1_75' title='bbox 658 1866 773 1941; x_wconf 77' lang='lat' dir='ltr'>galerita</span> <span class='ocrx_word' id='word_1_76' title='bbox 798 1909 804 1922; x_wconf 95' lang='lat'><strong>.</strong></span> <span class='ocrx_word' id='word_1_77' title='bbox 831 1908 838 1923; x_wconf 92' lang='lat'><strong>.</strong></span> <span class='ocrx_word' id='word_1_78' title='bbox 862 1908 871 1924; x_wconf 90' lang='lat'><strong>.</strong></span> <span class='ocrx_word' id='word_1_79' title='bbox 906 1856 1134 1924; x_wconf 49' lang='lat' dir='ltr'>(Malim)-</span> 
     </span>
    </p>
   </div>
   <div class='ocr_carea' id='block_1_9' title="bbox 80 1945 1077 3208">
    <p class='ocr_par' dir='ltr' id='par_1_9' title="bbox 80 1945 1077 3208">
     <span class='ocr_line' id='line_1_15' title="bbox 80 1945 871 2025; baseline 0.001 -20"><span class='ocrx_word' id='word_1_80' title='bbox 80 1972 107 2013; x_wconf 75' lang='grc' dir='ltr'>ιο</span> <span class='ocrx_word' id='word_1_81' title='bbox 121 1951 179 2007; x_wconf 84' lang='lat' dir='ltr'>sive</span> <span class='ocrx_word' id='word_1_82' title='bbox 194 1945 252 2023; x_wconf 90' lang='lat' dir='ltr'>ipsa</span> <span class='ocrx_word' id='word_1_83' title='bbox 268 1959 357 2008; x_wconf 91' lang='lat' dir='ltr'>assata</span> <span class='ocrx_word' id='word_1_84' title='bbox 377 1953 408 2008; x_wconf 92' lang='lat' dir='ltr'>in</span> <span class='ocrx_word' id='word_1_85' title='bbox 424 1950 484 2009; x_wconf 90' lang='lat' dir='ltr'>cibo</span> <span class='ocrx_word' id='word_1_86' title='bbox 499 1959 637 2025; x_wconf 79' lang='lat' dir='ltr'>sumatur,</span> <span class='ocrx_word' id='word_1_87' title='bbox 661 1951 718 2008; x_wconf 87' lang='lat' dir='ltr'>sive</span> <span class='ocrx_word' id='word_1_88' title='bbox 733 1967 794 2008; x_wconf 90' lang='lat' dir='ltr'>cum</span> <span class='ocrx_word' id='word_1_89' title='bbox 810 1949 871 2024; x_wconf 95' lang='lat' dir='ltr'>plu·</span> 
     </span>
     <span class='ocr_line' id='line_1_16' title="bbox 121 2033 870 2110; baseline 0 -21"><span class='ocrx_word' id='word_1_90' title='bbox 121 2034 175 2090; x_wconf 90' lang='lat' dir='ltr'>mis</span> <span class='ocrx_word' id='word_1_91' title='bbox 189 2035 247 2090; x_wconf 86' lang='lat' dir='ltr'>suis</span> <span class='ocrx_word' id='word_1_92' title='bbox 261 2033 404 2092; x_wconf 83' lang='lat' dir='ltr'>combusta</span> <span class='ocrx_word' id='word_1_93' title='bbox 425 2035 567 2110; x_wconf 85' lang='lat' dir='ltr'>redigatur</span> <span class='ocrx_word' id='word_1_94' title='bbox 587 2037 615 2092; x_wconf 88' lang='lat' dir='ltr'>ln</span> <span class='ocrx_word' id='word_1_95' title='bbox 630 2037 764 2107; x_wconf 85' lang='lat' dir='ltr'>cinerem,</span> <span class='ocrx_word' id='word_1_96' title='bbox 789 2042 870 2108; x_wconf 88' lang='lat' dir='ltr'>atque</span> 
     </span>
     <span class='ocr_line' id='line_1_17' title="bbox 121 2118 871 2194; baseline -0.001 -20"><span class='ocrx_word' id='word_1_97' title='bbox 121 2134 156 2174; x_wconf 81' lang='lat' dir='ltr'>ex</span> <span class='ocrx_word' id='word_1_98' title='bbox 184 2134 218 2175; x_wconf 90' lang='lat' dir='ltr'>eo</span> <span class='ocrx_word' id='word_1_99' title='bbox 246 2118 454 2194; x_wconf 77' lang='lat' dir='ltr'>diligentissime</span> <span class='ocrx_word' id='word_1_100' title='bbox 482 2123 548 2178; x_wconf 92' lang='lat' dir='ltr'>trito</span> <span class='ocrx_word' id='word_1_101' title='bbox 579 2128 654 2177; x_wconf 82' lang='lat' dir='ltr'>lema</span> <span class='ocrx_word' id='word_1_102' title='bbox 682 2119 813 2176; x_wconf 90' lang='lat' dir='ltr'>coclearia</span> <span class='ocrx_word' id='word_1_103' title='bbox 838 2133 871 2174; x_wconf 81' lang='lat' dir='ltr'>ex</span> 
     </span>
     <span class='ocr_line' id='line_1_18' title="bbox 120 2202 992 2280; baseline -0.007 -20"><span class='ocrx_word' id='word_1_104' title='bbox 120 2218 192 2276; x_wconf 83' lang='lat' dir='ltr'>aqna</span> <span class='ocrx_word' id='word_1_105' title='bbox 213 2202 297 2260; x_wconf 82' lang='lat' dir='ltr'>calida</span> <span class='ocrx_word' id='word_1_106' title='bbox 316 2205 395 2277; x_wconf 87' lang='lat' dir='ltr'>potui</span> <span class='ocrx_word' id='word_1_107' title='bbox 416 2221 466 2280; x_wconf 90' lang='lat' dir='ltr'>per</span> <span class='ocrx_word' id='word_1_108' title='bbox 488 2205 609 2262; x_wconf 87' lang='lat' dir='ltr'>triduum</span> <span class='ocrx_word' id='word_1_109' title='bbox 629 2203 739 2260; x_wconf 88' lang='lat' dir='ltr'>dentur.</span> <span class='ocrx_word' id='word_1_110' title='bbox 762 2203 871 2258; x_wconf 89' lang='lat' dir='ltr'>unicum</span> <span class='ocrx_word' id='word_1_111' title='bbox 907 2205 992 2272; x_wconf 81' lang='lat'>30‚63.</span> 
     </span>
     <span class='ocr_line' id='line_1_19' title="bbox 120 2275 1077 2364; baseline -0.001 -22"><span class='ocrx_word' id='word_1_112' title='bbox 120 2294 166 2343; x_wconf 83' lang='lat' dir='ltr'>est</span> <span class='ocrx_word' id='word_1_113' title='bbox 191 2285 349 2360; x_wconf 80' lang='lat' dir='ltr'>intestinum</span> <span class='ocrx_word' id='word_1_114' title='bbox 371 2289 499 2364; x_wconf 77' lang='lat' dir='ltr'>ossifragi</span> <span class='ocrx_word' id='word_1_115' title='bbox 527 2291 609 2345; x_wconf 86' lang='lat' dir='ltr'>mirae</span> <span class='ocrx_word' id='word_1_116' title='bbox 635 2295 763 2359; x_wconf 81' lang='lat' dir='ltr'>naturae,</span> <span class='ocrx_word' id='word_1_117' title='bbox 797 2285 871 2360; x_wconf 89' lang='lat' dir='ltr'>quod</span> <span class='ocrx_word' id='word_1_118' title='bbox 908 2275 1009 2346; x_wconf 56' lang='lat' dir='ltr'>(Maia</span> <span class='ocrx_word' id='word_1_119' title='bbox 1031 2275 1077 2341; x_wconf 81' lang='lat' dir='ltr'>ib.)</span> 
     </span>
     <span class='ocr_line' id='line_1_20' title="bbox 80 2371 870 2446; baseline 0.001 -20"><span class='ocrx_word' id='word_1_120' title='bbox 80 2395 107 2437; x_wconf 85' lang='lat'>15</span> <span class='ocrx_word' id='word_1_121' title='bbox 122 2372 213 2427; x_wconf 90' lang='lat' dir='ltr'>omnia</span> <span class='ocrx_word' id='word_1_122' title='bbox 240 2371 370 2430; x_wconf 88' lang='lat' dir='ltr'>devorata</span> <span class='ocrx_word' id='word_1_123' title='bbox 391 2374 519 2430; x_wconf 87' lang='lat' dir='ltr'>citissime</span> <span class='ocrx_word' id='word_1_124' title='bbox 541 2371 660 2430; x_wconf 84' lang='lat' dir='ltr'>coniicit.</span> <span class='ocrx_word' id='word_1_125' title='bbox 700 2372 782 2430; x_wconf 88' lang='lat' dir='ltr'>huius</span> <span class='ocrx_word' id='word_1_126' title='bbox 807 2388 870 2446; x_wconf 89' lang='lat' dir='ltr'>pars</span> 
     </span>
     <span class='ocr_line' id='line_1_21' title="bbox 121 2455 870 2533; baseline 0 -21"><span class='ocrx_word' id='word_1_127' title='bbox 121 2462 242 2512; x_wconf 85' lang='lat' dir='ltr'>extrema</span> <span class='ocrx_word' id='word_1_128' title='bbox 265 2455 406 2530; x_wconf 81' lang='lat' dir='ltr'>colligitur</span> <span class='ocrx_word' id='word_1_129' title='bbox 428 2465 456 2514; x_wconf 88' lang='lat' dir='ltr'>et</span> <span class='ocrx_word' id='word_1_130' title='bbox 477 2458 635 2533; x_wconf 85' lang='lat' dir='ltr'>reponitur,</span> <span class='ocrx_word' id='word_1_131' title='bbox 662 2465 690 2515; x_wconf 89' lang='lat' dir='ltr'>et</span> <span class='ocrx_word' id='word_1_132' title='bbox 715 2474 777 2515; x_wconf 86' lang='lat' dir='ltr'>curn</span> <span class='ocrx_word' id='word_1_133' title='bbox 800 2472 870 2531; x_wconf 90' lang='lat' dir='ltr'>opus</span> 
     </span>
     <span class='ocr_line' id='line_1_22' title="bbox 121 2538 869 2617; baseline 0.005 -23"><span class='ocrx_word' id='word_1_134' title='bbox 121 2538 205 2596; x_wconf 83' lang='lat' dir='ltr'>inerit</span> <span class='ocrx_word' id='word_1_135' title='bbox 219 2541 308 2596; x_wconf 84' lang='lat' dir='ltr'>ventri</span> <span class='ocrx_word' id='word_1_136' title='bbox 323 2540 471 2599; x_wconf 87' lang='lat' dir='ltr'>laborantis</span> <span class='ocrx_word' id='word_1_137' title='bbox 492 2542 635 2617; x_wconf 87' lang='lat' dir='ltr'>alligatur:</span> <span class='ocrx_word' id='word_1_138' title='bbox 657 2541 778 2598; x_wconf 88' lang='lat' dir='ltr'>remedio</span> <span class='ocrx_word' id='word_1_139' title='bbox 799 2542 869 2598; x_wconf 91' lang='lat' dir='ltr'>miro</span> 
     </span>
     <span class='ocr_line' id='line_1_23' title="bbox 122 2624 868 2683; baseline 0 -3"><span class='ocrx_word' id='word_1_140' title='bbox 122 2639 217 2680; x_wconf 87' lang='lat' dir='ltr'>omnes</span> <span class='ocrx_word' id='word_1_141' title='bbox 251 2624 445 2682; x_wconf 85' lang='lat' dir='ltr'>intestinorum</span> <span class='ocrx_word' id='word_1_142' title='bbox 477 2626 587 2683; x_wconf 89' lang='lat' dir='ltr'>dolores</span> <span class='ocrx_word' id='word_1_143' title='bbox 622 2627 751 2683; x_wconf 88' lang='lat' dir='ltr'>citissime</span> <span class='ocrx_word' id='word_1_144' title='bbox 781 2624 868 2682; x_wconf 89' lang='lat' dir='ltr'>sedat.</span> 
     </span>
     <span class='ocr_line' id='line_1_24' title="bbox 120 2706 1008 2782; baseline -0.005 -20"><span class='ocrx_word' id='word_1_145' title='bbox 120 2706 178 2782; x_wconf 91' lang='lat' dir='ltr'>lupi</span> <span class='ocrx_word' id='word_1_146' title='bbox 199 2716 307 2766; x_wconf 82' lang='lat' dir='ltr'>stercus</span> <span class='ocrx_word' id='word_1_147' title='bbox 330 2709 476 2768; x_wconf 88' lang='lat' dir='ltr'>dummodo</span> <span class='ocrx_word' id='word_1_148' title='bbox 499 2727 554 2768; x_wconf 87' lang='lat' dir='ltr'>non</span> <span class='ocrx_word' id='word_1_149' title='bbox 582 2712 705 2768; x_wconf 85' lang='lat' dir='ltr'>interra</span> <span class='ocrx_word' id='word_1_150' title='bbox 732 2711 870 2767; x_wconf 86' lang='lat' dir='ltr'>inventum</span> <span class='ocrx_word' id='word_1_151' title='bbox 898 2710 1008 2774; x_wconf 62' lang='lat' dir='ltr'>attan.</span> 
     </span>
     <span class='ocr_line' id='line_1_25' title="bbox 80 2793 872 2869; baseline -0.003 -19"><span class='ocrx_word' id='word_1_152' title='bbox 80 2801 129 2847; x_wconf 60' lang='grc' dir='ltr'>ω.</span> <span class='ocrx_word' id='word_1_153' title='bbox 154 2834 161 2849; x_wconf 93' lang='grc'><strong>.</strong></span> <span class='ocrx_word' id='word_1_154' title='bbox 186 2835 192 2848; x_wconf 94' lang='grc'><strong>.</strong></span> <span class='ocrx_word' id='word_1_155' title='bbox 222 2793 337 2868; x_wconf 87' lang='lat' dir='ltr'>colliges</span> <span class='ocrx_word' id='word_1_156' title='bbox 360 2803 388 2852; x_wconf 89' lang='lat' dir='ltr'>et</span> <span class='ocrx_word' id='word_1_157' title='bbox 409 2795 528 2852; x_wconf 87' lang='lat' dir='ltr'>servabis</span> <span class='ocrx_word' id='word_1_158' title='bbox 551 2802 579 2851; x_wconf 92' lang='lat' dir='ltr'>et</span> <span class='ocrx_word' id='word_1_159' title='bbox 605 2811 667 2852; x_wconf 89' lang='lat' dir='ltr'>cum</span> <span class='ocrx_word' id='word_1_160' title='bbox 689 2811 760 2869; x_wconf 93' lang='lat' dir='ltr'>opus</span> <span class='ocrx_word' id='word_1_161' title='bbox 787 2793 872 2850; x_wconf 87' lang='lat' dir='ltr'>luerit</span> 
     </span>
     <span class='ocr_line' id='line_1_26' title="bbox 120 2872 870 2955; baseline 0.004 -24"><span class='ocrx_word' id='word_1_162' title='bbox 120 2874 254 2934; x_wconf 78' lang='lat' dir='ltr'>laboranti</span> <span class='ocrx_word' id='word_1_163' title='bbox 267 2878 354 2936; x_wconf 90' lang='lat' dir='ltr'>colico</span> <span class='ocrx_word' id='word_1_164' title='bbox 367 2878 491 2955; x_wconf 75' lang='lat' dir='ltr'>alligabis</span> <span class='ocrx_word' id='word_1_165' title='bbox 502 2879 535 2936; x_wconf 91' lang='lat' dir='ltr'>ad</span> <span class='ocrx_word' id='word_1_166' title='bbox 547 2878 686 2936; x_wconf 89' lang='lat' dir='ltr'>brachium</span> <span class='ocrx_word' id='word_1_167' title='bbox 699 2920 707 2937; x_wconf 91' lang='lat'><strong>.</strong></span> <span class='ocrx_word' id='word_1_168' title='bbox 721 2921 728 2935; x_wconf 90' lang='lat'><strong><em>.</em></strong></span> <span class='ocrx_word' id='word_1_169' title='bbox 742 2921 749 2935; x_wconf 91' lang='lat'><strong>.</strong></span> <span class='ocrx_word' id='word_1_170' title='bbox 762 2872 783 2955; x_wconf 88' lang='lat'>.]</span> <span class='ocrx_word' id='word_1_171' title='bbox 799 2920 807 2935; x_wconf 92' lang='lat'><strong>.</strong></span> <span class='ocrx_word' id='word_1_172' title='bbox 820 2920 827 2934; x_wconf 94' lang='lat'><strong>.</strong></span> <span class='ocrx_word' id='word_1_173' title='bbox 841 2917 849 2934; x_wconf 91' lang='lat'><strong>.</strong></span> <span class='ocrx_word' id='word_1_174' title='bbox 863 2918 870 2934; x_wconf 92' lang='lat'><strong>.</strong></span> 
     </span>
     <span class='ocr_line' id='line_1_27' title="bbox 121 2959 991 3039; baseline -0.002 -23"><span class='ocrx_word' id='word_1_175' title='bbox 121 2959 268 3020; x_wconf 78' lang='lat' dir='ltr'>defunctos</span> <span class='ocrx_word' id='word_1_176' title='bbox 280 2962 359 3021; x_wconf 88' lang='lat' dir='ltr'>obrui</span> <span class='ocrx_word' id='word_1_177' title='bbox 371 2973 491 3039; x_wconf 86' lang='lat' dir='ltr'>oportet.</span> <span class='ocrx_word' id='word_1_178' title='bbox 519 2963 721 3039; x_wconf 89' lang='lat' dir='ltr'>vespertilionis</span> <span class='ocrx_word' id='word_1_179' title='bbox 737 2962 870 3037; x_wconf 89' lang='lat' dir='ltr'>sanguine</span> <span class='ocrx_word' id='word_1_180' title='bbox 906 2964 991 3029; x_wconf 73' lang='lat'>30‚84.</span> 
     </span>
     <span class='ocr_line' id='line_1_28' title="bbox 120 3050 1008 3114; baseline -0.001 -13"><span class='ocrx_word' id='word_1_181' title='bbox 120 3085 290 3105; x_wconf 91' lang='grc'><strong>......</strong></span> <span class='ocrx_word' id='word_1_182' title='bbox 324 3064 425 3106; x_wconf 76' lang='lat' dir='ltr'>comus</span> <span class='ocrx_word' id='word_1_183' title='bbox 447 3050 548 3106; x_wconf 82' lang='lat' dir='ltr'>cervini</span> <span class='ocrx_word' id='word_1_184' title='bbox 573 3087 579 3104; x_wconf 92' lang='lat'>.</span> <span class='ocrx_word' id='word_1_185' title='bbox 604 3091 611 3106; x_wconf 94' lang='lat'><strong>.</strong></span> <span class='ocrx_word' id='word_1_186' title='bbox 636 3093 644 3112; x_wconf 85' lang='lat'><strong>.</strong></span> <span class='ocrx_word' id='word_1_187' title='bbox 669 3091 676 3106; x_wconf 93' lang='lat'>.</span> <span class='ocrx_word' id='word_1_188' title='bbox 701 3091 708 3106; x_wconf 90' lang='lat'><strong>.</strong></span> <span class='ocrx_word' id='word_1_189' title='bbox 734 3088 742 3105; x_wconf 92' lang='lat'><strong>.</strong></span> <span class='ocrx_word' id='word_1_190' title='bbox 766 3091 773 3104; x_wconf 93' lang='lat'><strong>.</strong></span> <span class='ocrx_word' id='word_1_191' title='bbox 799 3093 806 3108; x_wconf 88' lang='lat'><strong>.</strong></span> <span class='ocrx_word' id='word_1_192' title='bbox 831 3088 870 3104; x_wconf 89' lang='lat'>..</span> <span class='ocrx_word' id='word_1_193' title='bbox 906 3051 1008 3114; x_wconf 57' lang='lat' dir='ltr'>asan.</span> 
     </span>
     <span class='ocr_line' id='line_1_29' title="bbox 121 3126 965 3208; baseline 0.006 -23"><span class='ocrx_word' id='word_1_194' title='bbox 121 3127 186 3188; x_wconf 87' lang='lat' dir='ltr'>iacit</span> <span class='ocrx_word' id='word_1_195' title='bbox 208 3131 310 3204; x_wconf 88' lang='lat' dir='ltr'>optime</span> <span class='ocrx_word' id='word_1_196' title='bbox 332 3132 365 3189; x_wconf 89' lang='lat' dir='ltr'>ad</span> <span class='ocrx_word' id='word_1_197' title='bbox 387 3132 476 3190; x_wconf 90' lang='lat' dir='ltr'>eninm</span> <span class='ocrx_word' id='word_1_198' title='bbox 498 3134 575 3208; x_wconf 89' lang='lat' dir='ltr'>potio</span> <span class='ocrx_word' id='word_1_199' title='bbox 606 3171 869 3193; x_wconf 89' lang='lat'><strong>.........</strong></span> <span class='ocrx_word' id='word_1_200' title='bbox 948 3126 965 3160; x_wconf 83' lang='grc'><strong>*</strong></span> 
     </span>
    </p>
   </div>
   <div class='ocr_carea' id='block_1_10' title="bbox 119 3245 1138 3552">
    <p class='ocr_par' dir='ltr' id='par_1_10' title="bbox 119 3245 1138 3552">
     <span class='ocr_line' id='line_1_30' title="bbox 176 3245 1137 3354; baseline -0.005 -18"><span class='ocrx_word' id='word_1_201' title='bbox 176 3286 193 3336; x_wconf 88' lang='lat'><em>8</em></span> <span class='ocrx_word' id='word_1_202' title='bbox 207 3279 283 3336; x_wconf 81' lang='lat' dir='ltr'>Dedi</span> <span class='ocrx_word' id='word_1_203' title='bbox 293 3283 429 3339; x_wconf 61' lang='lat' dir='ltr'>&#39;Marcelli</span> <span class='ocrx_word' id='word_1_204' title='bbox 440 3283 530 3339; x_wconf 65' lang='lat' dir='ltr'>eaba.</span> <span class='ocrx_word' id='word_1_205' title='bbox 573 3288 606 3338; x_wconf 84' lang='lat' dir='ltr'>te</span> <span class='ocrx_word' id='word_1_206' title='bbox 620 3271 686 3339; x_wconf 79' lang='lat' dir='ltr'>tace</span> <span class='ocrx_word' id='word_1_207' title='bbox 698 3283 740 3338; x_wconf 82' lang='lat' dir='ltr'>ita</span> <span class='ocrx_word' id='word_1_208' title='bbox 755 3282 800 3338; x_wconf 85' lang='lat' dir='ltr'>Pi.</span> <span class='ocrx_word' id='word_1_209' title='bbox 814 3299 886 3354; x_wconf 84' lang='lat' dir='ltr'>qnae</span> <span class='ocrx_word' id='word_1_210' title='bbox 904 3280 935 3336; x_wconf 88' lang='lat' dir='ltr'>in</span> <span class='ocrx_word' id='word_1_211' title='bbox 953 3245 1137 3338; x_wconf 81' lang='lat' dir='ltr'>excrementis</span> 
     </span>
     <span class='ocr_line' id='line_1_31' title="bbox 119 3349 1136 3425; baseline -0.002 -21"><span class='ocrx_word' id='word_1_212' title='bbox 119 3349 181 3421; x_wconf 90' lang='lat' dir='ltr'>lupi</span> <span class='ocrx_word' id='word_1_213' title='bbox 199 3350 322 3409; x_wconf 85' lang='lat' dir='ltr'>diximus</span> <span class='ocrx_word' id='word_1_214' title='bbox 340 3353 460 3410; x_wconf 83' lang='lat' dir='ltr'>inveniri</span> <span class='ocrx_word' id='word_1_215' title='bbox 478 3371 552 3425; x_wconf 85' lang='lat' dir='ltr'>osse,</span> <span class='ocrx_word' id='word_1_216' title='bbox 577 3354 602 3410; x_wconf 87' lang='lat' dir='ltr'>si</span> <span class='ocrx_word' id='word_1_217' title='bbox 619 3356 724 3410; x_wconf 86' lang='lat' dir='ltr'>terram</span> <span class='ocrx_word' id='word_1_218' title='bbox 742 3371 797 3410; x_wconf 94' lang='lat' dir='ltr'>non</span> <span class='ocrx_word' id='word_1_219' title='bbox 815 3351 974 3424; x_wconf 77' lang='lat' dir='ltr'>attigerint,</span> <span class='ocrx_word' id='word_1_220' title='bbox 998 3349 1060 3406; x_wconf 90' lang='lat' dir='ltr'>colo</span> <span class='ocrx_word' id='word_1_221' title='bbox 1079 3363 1136 3403; x_wconf 91' lang='lat' dir='ltr'>me·</span> 
     </span>
     <span class='ocr_line' id='line_1_32' title="bbox 120 3418 1138 3552; baseline -0.005 -75"><span class='ocrx_word' id='word_1_222' title='bbox 120 3421 396 3552; x_wconf 48' lang='lat' dir='ltr'>gffingffiigm</span> <span class='ocrx_word' id='word_1_223' title='bbox 413 3423 538 3482; x_wconf 85' lang='lat' dir='ltr'>brechio.</span> <span class='ocrx_word' id='word_1_224' title='bbox 566 3424 600 3493; x_wconf 75' lang='lat' dir='ltr'>ef.</span> <span class='ocrx_word' id='word_1_225' title='bbox 619 3441 690 3496; x_wconf 76' lang='lat' dir='ltr'>quae</span> <span class='ocrx_word' id='word_1_226' title='bbox 711 3425 752 3482; x_wconf 81' lang='lat' dir='ltr'>ibi</span> <span class='ocrx_word' id='word_1_227' title='bbox 773 3429 926 3535; x_wconf 65' lang='lat' dir='ltr'>crematae</span> <span class='ocrx_word' id='word_1_228' title='bbox 946 3418 1081 3489; x_wconf 67' lang='lat' dir='ltr'>fmietuia</span> <span class='ocrx_word' id='word_1_229' title='bbox 1099 3418 1138 3474; x_wconf 85' lang='lat' dir='ltr'>ad</span> 
     </span>
    </p>
   </div>
   <div class='ocr_carea' id='block_1_11' title="bbox 0 0 1332 3878">
    <p class='ocr_par' dir='ltr' id='par_1_11' title="bbox 0 0 1332 3878">
     <span class='ocr_line' id='line_1_33' title="bbox 0 0 1332 3878; baseline 0 0"><span class='ocrx_word' id='word_1_230' title='bbox 0 0 1332 3878; x_wconf 95' lang='lat' dir='ltr'> </span> 
     </span>
    </p>
   </div>
  </div>
 </body>
</html>
