2636 3874
626 158 845 222 *48*

495 325 535 384 tia
548 339 618 401 pars
633 321 758 401 decidat,
772 320 862 399 idque
874 321 977 380 vinum
990 319 1104 382 bibitur
1118 337 1246 402 merum,

361 423 466 488 tento.
495 409 618 490 cyathus
640 427 720 470 unus
743 411 774 470 in
798 409 853 470 die.
899 425 1054 470 mororum
1081 411 1247 470 sativorum

361 512 466 576 rento.
491 502 712 560 'inmaturorum
731 515 822 560 sucus
839 496 961 558 bibitur.
994 497 1135 559 sorbetur
1153 515 1247 560 sucus

379 601 466 663 bopo.
495 589 617 650 seminis
646 589 743 666 myrti.
788 585 946 666 palumbus
973 586 1056 646 ierus
1087 605 1125 648 ex
1150 605 1245 666 pusca

395 679 433 734 ib.
495 684 598 738 coctus
629 678 661 737 in
690 675 759 736 cibo
792 674 888 737 (latur.
935 675 1023 736 timus
1055 675 1271 738 columbinus⁵

374 777 465 839 nont.
495 784 564 827 cum
585 766 672 828 melle
696 758 793 828 renui
814 765 958 828 inlinitur.
989 765 1102 828 bibitur
1122 774 1246 828 anatum

403 859 421 892 *
493 854 692 916 mascularum
709 857 838 934 sanguis.
860 855 950 916 liores
969 853 1015 915 vel
1031 857 1188 916 cincinnos
1208 857 1245 918 de

494 942 623 1003 avellana
646 943 760 1022 colligis
788 951 818 1005 et
840 946 933 1005 mittis
955 945 987 1005 in
1011 944 1100 1005 furno
1128 951 1163 1006 nt
1186 946 1245 1006 sic·

494 1038 613 1112 centur,
642 1040 673 1093 ot
696 1051 765 1095 cum
787 1033 891 1094 siccati
912 1033 1025 1094 luerint
1047 1040 1190 1094 teruntur
1216 1041 1246 1093 et

492 1137 530 1179 ex
553 1121 620 1181 vino
643 1122 847 1201 propinantur.
884 1123 1014 1200 iuniperi
1040 1121 1131 1183 bacae
1155 1123 1245 1184 tritae
1259 1131 1279 1170 1⁰

491 1212 611 1274 euvino
625 1212 711 1289 nigro
728 1210 760 1270 id
779 1217 825 1271 est
843 1227 880 1269 ex
899 1211 965 1270 uvis
986 1211 1081 1288 nigris
1100 1227 1245 1290 expresso

376 1309 464 1373 2459.
492 1306 641 1380 potantur.
669 1297 725 1358 llos
737 1298 866 1358 hederae
880 1298 978 1358 tribus
992 1297 1093 1377 digitis
1104 1307 1245 1378 sumptus

359 1398 465 1461 letto.
491 1390 524 1448 in
547 1389 615 1448 rino
643 1394 762 1447 austero
785 1385 898 1447 bibitur
924 1385 972 1446 bis
998 1388 1030 1446 in
1057 1386 1115 1447 die.
1152 1387 1245 1448 bacae

359 1487 464 1550 reno.
492 1474 618 1558 acrifolii
637 1493 673 1536 ex
691 1477 759 1535 rino
777 1481 928 1556 potantur.
965 1473 1111 1535 ruborum
1131 1477 1163 1536 in
1177 1479 1245 1554 qui·

493 1563 550 1625 bus
565 1581 648 1624 mora
661 1571 827 1624 nascuntur
841 1561 978 1623 cauliculi
992 1581 1029 1623 ex
1038 1564 1105 1622 vino
1121 1571 1245 1624 austero
1259 1571 1279 1611 ¹⁵

377 1662 465 1725 eope.
494 1652 702 1731 decoquuntur
726 1659 756 1712 et
778 1653 809 1710 in
828 1650 895 1711 cibo
919 1650 1035 1711 dantur.
1072 1649 1245 1712 coclearum
1302 1671 1303 1674 ¹

494 1755 569 1817 quae
596 1741 678 1798 vivae
706 1744 853 1800 crematae
877 1741 937 1800 sint
965 1741 1041 1799 cinis
1067 1741 1183 1818 potioni
1208 1759 1246 1801 ex

377 1838 465 1901 nott.
492 1829 561 1887 vino
594 1835 712 1888 austero
745 1823 936 1908 inspergitur.
976 1825 1114 1907 plantago
1142 1826 1245 1889 editur

378 1927 465 1989 nonu.
493 1934 530 1976 ex
562 1921 645 1976 aceto
678 1922 769 1978 cocta.
813 1911 960 1996 symphyti
991 1915 1075 1976 radix
1104 1933 1142 1975 ex
1174 1917 1243 1977 vino

374 2015 465 2078 bopo.
492 2003 614 2065 bibitur.
651 2001 804 2083 gallinacei
826 2003 910 2065 iecur
931 2021 1031 2066 assum
1049 2005 1081 2064 in
1101 2002 1168 2064 cibo
1192 2023 1242 2066 su·
1256 2014 1276 2054 2⁰
1301 2023 1302 2028 ¹

492 2094 592 2154 mitur.

559 2291 636 2349 v11.
660 2291 835 2349 cholerae.
946 2291 950 2298 '

560 2408 686 2472 Cholera
703 2412 815 2472 ventris
829 2411 934 2472 vitium
948 2417 994 2472 est
1013 2408 1138 2491 malum,
1157 2427 1241 2490 prae·

401 2501 421 2535 *
492 2515 563 2577 cepe
588 2530 631 2540 —
659 2499 782 2560 mirifice
810 2498 932 2578 prodest
959 2499 1136 2577 compositio
1164 2514 1241 2578 quae

492 2586 570 2646 inira
597 2589 708 2667 scripta
735 2595 789 2648 est.
826 2586 919 2648 olivae
947 2603 1037 2666 quam
1062 2589 1241 2647 veterrimae
1299 2599 1300 2604 ’

492 2691 568 2754 aqua
596 2675 688 2736 calida
715 2675 856 2737 eluuntur
879 2677 920 2737 ita
949 2682 983 2735 ut
1011 2691 1148 2754 saporem
1172 2675 1241 2735 salis
1253 2683 1273 2722 ²³

296 2863 443 2918 clemins
463 2834 510 2918 'Po
529 2867 603 2934 (ano
624 2863 737 2930 notes.
755 2863 805 2932 qut
826 2862 945 2918 coenae
961 2877 997 2943 aa
1015 2862 1073 2918 oo.
1093 2862 1134 2942 ν).
1159 2863 1164 2930 ι
1189 2861 1240 2916 na·
1298 2905 1299 2908 .

218 2933 336 2990 lumbos
349 2933 424 2988 ferus
438 2935 465 2989 d.
512 2941 526 2990 7
541 2934 730 2990 masculorum
738 2933 828 3003 pclrb.
874 2932 1179 3002 scolluges...m1ttes
1193 2933 1240 2988 db.

228 3003 330 3076 tini-no
349 3005 408 3072 teir)
426 3006 482 3074 gd:
498 3005 611 3060 turnum
630 3005 654 3061 b.
715 3010 749 3059 10
767 3002 875 3060 bachae
892 3019 911 3072 p
930 3003 1082 3078 (baono-d).
1142 3008 1176 3058 11
1197 3020 1241 3060 ex-

225 3073 334 3145 nviiup
353 3076 395 3144 (ut
410 3077 517 3145 supro).
544 3074 829 3146 exurisnigrisvel
847 3074 982 3130 oxviuea
1000 3075 1083 3146 (quod
1100 3090 1152 3130 om.
1172 3075 1240 3144 prb)

225 3144 899 3286 namet-..ettatttttttt
914 3154 949 3215 ⁹⁶
973 3144 1242 3272 “illiltsstoe

226 3292 260 3342 ιτ
279 3285 391 3357 anteo
410 3234 493 3357 (ἦ),
513 3289 577 3343 sune
594 3291 621 3344 o.
690 3294 723 3343 re
742 3234 908 3358 amarfa'
955 3292 989 3342 1o
1008 3257 1149 3361 symea,
1169 3257 1240 3342 si'm-

224 3356 300 3427 phiti
317 3359 348 3414 ti:
367 3359 489 3416 nomenoi
505 3375 529 3413 r.
583 3361 624 3414 at.
643 3359 688 3414 Ad
707 3357 858 3428 celeranti
876 3355 1051 3427 (choleribus
1067 3358 1126 3414 ioci.
1146 3358 1188 3412 lit.
1202 3359 1240 3425 9).

261 3434 296 3484 28
322 3430 542 3500 conpositionem
568 3445 637 3498 gone
658 3446 711 3500 oco.
742 3429 861 3486 hicnon
881 3433 951 3486 recto
968 3428 1090 3498 positam
1115 3425 1163 3484 sal
1190 3431 1240 3484 aut

215 3497 1238 3570 olicawtmaotcmetoooacouepuoaauoooooermo-upapco,
