2588 3886
587 141 829 210 -212-

201 314 317 370 tuum
340 313 444 368 coctus
467 307 546 368 sicut
573 307 714 386 superius
740 307 886 387 scripurm
913 314 969 370 est,
1006 309 1086 370 etsi
1109 309 1146 370 in
1171 310 1234 370 ista

201 394 543 548 ffiffiprcr'poaddatur
571 394 745 475 dacrpdium
772 407 817 460 -ξ-
835 409 897 477 Ιιιγ
922 394 1121 460 catharticum
1150 396 1233 460 utile

594 683 827 741 Omfecomeli.

238 849 245 860 ·
269 820 346 882 Uvas
374 821 488 901 colligis
512 838 547 881 eo
575 828 710 900 tempore
734 838 804 881 cum
827 828 958 882 mustum
986 822 1045 882 iam
1073 823 1232 902 incipiunt

202 909 313 972 habere
336 917 367 972 et
389 909 606 971 maturefaccre
634 911 677 970 sic
701 915 801 970 tamen
830 917 865 971 ut
892 909 1025 971 nondum
1047 910 1256 972 manducaria

202 1000 334 1080 possint,
355 997 385 1060 id
408 1007 455 1060 est
472 994 576 1060 mense
594 1004 730 1078 augusto.
766 997 803 1059 de
821 997 878 1058 hoc
897 1005 996 1059 musto
1016 1016 1123 1061 earum
1141 1017 1228 1060 men·

203 1105 289 1150 suras
312 1096 343 1149 et
371 1095 516 1168 quantum
538 1086 668 1148 volueris
691 1089 792 1148 mittis.
830 1093 861 1147 et
888 1089 931 1147 sic
950 1081 1050 1148 'facies
1073 1094 1104 1148 et
1128 1090 1228 1148 mittis

204 1183 348 1240 econua
371 1175 468 1238 mellis
499 1183 601 1256 partes
628 1173 702 1236 duas
725 1184 755 1236 et
778 1177 883 1254 coquis
905 1177 967 1256 igni
993 1175 1088 1258 molli,
1121 1176 1152 1236 id
1177 1185 1226 1238 est

201 1261 361 1346 paulatim,
384 1265 479 1325 donec
497 1265 586 1325 tertia
603 1282 673 1344 pars
693 1261 877 1344 decoquatur
896 1271 927 1325 et
944 1272 1119 1342 remaneant
1135 1264 1221 1348 duae,

203 1360 234 1416 et
256 1357 381 1434 reponis
401 1355 434 1415 in
455 1370 526 1413 vaso
548 1353 653 1416 vitree.
690 1351 740 1415 adi
762 1353 885 1414 mittunt
907 1354 1000 1415 musti
1020 1361 1124 1436 partes
1148 1353 1223 1415 duas
1236 1365 1261 1405 1⁰

143 1486 161 1498 ,.
203 1451 234 1504 ct
253 1441 349 1506 meliis
368 1443 497 1506 tertiam
529 1441 601 1504 facit
623 1449 722 1504 autcm
741 1439 779 1506 ad
796 1460 831 1504 ea
849 1460 924 1522 quae
943 1444 1022 1504 intra
1040 1461 1076 1504 os
1093 1460 1222 1505 nascun-

203 1539 253 1592 tur
276 1532 378 1593 ulcera
401 1533 483 1593 omni
505 1531 610 1614 aetati,
632 1530 703 1593 iacit
724 1531 762 1592 ad
784 1549 904 1593 omnem
926 1538 1042 1614 aestum
1065 1540 1223 1612 aegrotan-

203 1619 284 1682 tibus
308 1627 339 1682 et
362 1638 441 1701 quos
460 1619 526 1682 lues
553 1619 687 1702 possidet
709 1618 800 1682 etad
827 1619 1031 1700 dysentericos
1054 1619 1147 1698 etad
1171 1637 1222 1682 eos

203 1711 256 1787 qui
285 1703 367 1790 <de>
395 1707 547 1770 stomacho
575 1716 745 1789 queruntur
767 1716 799 1770 et
826 1709 863 1770 ad
889 1707 1095 1790 digestionem.
1134 1709 1222 1771 datur

203 1805 305 1858 autem
331 1797 363 1858 in
395 1815 472 1877 aqua
498 1797 592 1858 calida
619 1795 810 1882 admodum
837 1787 981 1859 co'clearia
1012 1797 1088 1881 duo,
1119 1806 1152 1860 et
1179 1801 1221 1859 sic
1233 1808 1256 1850 1⁵

203 1893 360 1967 acceptum
386 1885 637 1966 medicamentum
664 1886 749 1954 valet.
791 1905 862 1947 sane
892 1893 991 1948 autem
1022 1885 1059 1949 ad
1087 1905 1141 1948 eos
1170 1887 1220 1967 qui

203 1976 284 2037 sitim
303 1976 459 2058 patiuntur
476 1973 523 2036 vel
542 1973 652 2056 quibus
670 1973 773 2055 prdmo
797 1977 911 2038 aruerit
930 1973 975 2037 v'ei
1000 1977 1026 2039 is
1046 1976 1100 2055 qui
1117 1977 1219 2038 vinum

203 2063 375 2126 desiderant
398 2062 481 2126 dabis
504 2065 537 2124 in
558 2081 634 2144 aqua
657 2063 772 2144 frigida.

277 2324 341 2378 rec
359 2322 384 2378 n
400 2309 498 2379 urna
515 2341 539 2379 o.
594 2329 611 2380 a
630 2321 797 2378 meridiam
808 2324 877 2393 pon
897 2333 934 2382 -:-
947 2342 993 2378 ιιι,
1012 2327 1037 2378 a.
1055 2306 1091 2378 m·
1107 2339 1134 2379 o.
1150 2325 1157 2394 ι
1176 2341 1218 2381 c-

202 2393 336 2449 tarticum
353 2393 432 2449 utilis
444 2409 491 2464 po.
541 2393 653 2451 asico.
703 2395 745 2449 tit.
763 2393 883 2449 Amfeec
900 2393 980 2449 melli
996 2394 1096 2464 (mbr.)
1109 2409 1136 2465 9,
1154 2397 1217 2452 Am·
1281 2423 1282 2459 r

202 2463 694 2536 memoriaetheodosio).
762 2464 1219 2540 ohahsmiumcturpiaoerey
1281 2473 1282 2542 i

203 2535 800 2608 (in=iproi.=idestt‘).linm.fac
819 2551 910 2594 osca.
964 2538 1216 2611 6-8(t)eicpa.
1281 2547 1282 2564 ¹

249 2606 476 2664 necuciantes
494 2624 545 2666 om.
563 2624 588 2665 v.
652 2613 789 2679 eosquos
807 2623 845 2678 po
867 2605 976 2678 (coquis
994 2612 1059 2664 anta
1076 2624 1148 2668 corr.
1164 2609 1214 2680 pii

203 2677 290 2734 molle
311 2696 337 2734 o.
407 2685 440 2736 10
458 2695 577 2750 repones
597 2696 628 2750 9,
654 2695 742 2748 pones
765 2696 789 2735 o.
854 2684 886 2734 11
911 2679 998 2734 faciet
1019 2695 1038 2750 9
1060 2679 1117 2750 (fcit
1139 2681 1174 2748 v).
1281 2701 1282 2704 ¹

205 2754 238 2804 13
253 2748 307 2804 luis
320 2766 339 2820 9
352 2750 466 2821 (luero).
483 2752 488 2821 Ι
503 2750 688 2820 dysintericos
699 2766 747 2820 99.
794 2756 828 2806 14
842 2751 876 2806 de
895 2751 1002 2809 marui.
1039 2757 1074 2806 15
1088 2751 1216 2808 cocliaria

203 2820 390 2891 florelenria
406 2822 442 2892 o).
504 2828 536 2877 1⁷
553 2821 599 2878 his
615 2837 634 2892 9
651 2820 686 2889 (is
703 2825 739 2891 o).
