2640 3884
586 211 878 277 -112-'
1308 289 1309 306 p

1308 317 1309 360 l

466 375 601 458 pastillus
622 375 765 456 ponderis
783 375 944 455 victoriati,
966 370 1073 434 deiude
1096 370 1128 434 in
1146 387 1215 433 vase

381 463 384 468 '
465 467 562 526 vitreo
598 472 760 545 ponuntur.
812 477 881 525 eum
912 460 1017 524 utendi
1052 463 1216 523 necessitas

351 595 354 602 -
467 555 563 636 venit,
586 553 696 634 singuli
716 550 827 633 pastilli
848 550 958 613 duntur
981 566 1018 611 ex
1040 551 1109 612 vino
1132 551 1216 611 mixti
1240 563 1243 570 '

352 679 363 688 -ι
467 642 580 723 cyathis
602 641 708 706 tribus.

332 740 439 808 septe.
534 730 669 793 Hominis
701 733 815 792 morsui
842 744 947 791 earnes
979 728 1121 811 bubulae,
1154 729 1239 789 elii-s

352 863 355 868 -
384 855 387 862 ,
467 821 568 882 carius
590 819 674 882 vituli
696 821 891 900 imponuntur
918 830 1016 898 neque
1044 816 1216 879 antediem

351 918 440 986 esto.
467 911 606 988 quintum
646 908 809 971 solvuntur.
860 907 964 969 sordes
1001 923 1037 967 er
1078 906 1216 968 humanis

369 1035 372 1040 -
467 997 590 1058 auribus
612 997 780 1061 inlinuntur
801 996 912 1077 plagae.

414 1203 421 1210 ’
533 1197 725 1256 xxxvm.
749 1197 876 1254 contre
898 1195 1061 1268 aspidem.

349 1325 440 1391 aaut.
533 1316 683 1378 Adversus
692 1316 802 1398 aspidis
816 1335 950 1382 morsum
958 1335 1052 1380 uuum
1065 1317 1216 1395 retugium

466 1404 614 1468 habebant
630 1409 748 1489 priores
766 1414 800 1467 ut
817 1424 981 1487 percussus
995 1407 1113 1468 urinam
1131 1423 1215 1466 suam
1228 1425 1249 1465 ιο

466 1493 591 1558 biberet.
626 1497 705 1557 intra
723 1493 834 1576 pausos
853 1513 945 1556 anuos
966 1513 1038 1560 casu
1060 1496 1214 1555 inventum

351 1593 438 1658 sepe
467 1591 513 1646 est
540 1592 571 1645 et
597 1584 725 1649 alterum
751 1583 926 1646 remedium.
962 1601 1090 1663 namque
1113 1585 1141 1644 is
1164 1584 1214 1662 qui

467 1681 566 1734 utrem
591 1673 715 1751 plenum
741 1675 818 1734 aceti
844 1671 960 1736 ferebat
987 1689 1151 1752 percussus
1179 1670 1213 1732 ab

466 1759 567 1841 aspide
590 1751 724 1823 dolerein
746 1779 806 1824 non
829 1763 934 1842 sensit,
958 1760 1053 1822 donec
1075 1762 1215 1840 fatigatus

465 1849 675 1930 requiescendi
706 1853 801 1931 gratia
830 1857 931 1912 utrem
962 1849 1108 1928 deposuit.
1154 1868 1213 1930 quo
1228 1875 1249 1917 rs

465 1938 543 2000 iacto
571 1941 736 2019 perniciem
762 1941 875 2002 sentire
903 1941 1014 2021 eoepit,
1046 1957 1213 2019 rursusque

465 2029 605 2107 impositu
634 2026 691 2089 sibi
718 2035 785 2089 utre
819 2027 916 2090 desiit.
956 2026 1142 2090 intellectum
1169 2037 1215 2089 est

465 2114 546 2197 qued
582 2118 608 2180 si
643 2125 761 2178 acetum
796 2115 934 2198 bibisset,
970 2124 1072 2196 posset
1107 2119 1214 2179 sanari

467 2224 503 2276 ex
526 2223 562 2267 eu
586 2207 788 2285 experimento
817 2205 929 2266 laetum
950 2213 997 2269 est
1017 2205 1115 2286 palam
1138 2207 1214 2268 haue

351 2302 438 2369 aaut.
464 2294 617 2374 potionem
631 2312 697 2356 esse
712 2293 954 2356 efficacissimam.
981 2295 1008 2356 si
1021 2302 1121 2357 autem
1135 2313 1212 2358 mur·
1226 2321 1250 2362 er

466 2399 533 2442 sum
558 2382 668 2463 aspidis
692 2389 814 2444 secutus
837 2389 884 2444 est
906 2384 1040 2465 sanguis,
1072 2383 1154 2446 uulla
1177 2384 1212 2445 de

466 2488 502 2532 eu
525 2471 578 2549 qui
599 2488 762 2550 percussus
785 2478 835 2532 est
854 2488 923 2551 spes
946 2479 1092 2552 superest.

270 2719 286 2768 1
310 2711 446 2784 pastellos
470 2713 542 2782 patr.
568 2714 574 2783 1
602 2703 734 2782 ponderis
760 2713 832 2784 prb:
859 2711 969 2782 pondus
990 2697 1043 2781 'etl
1069 2711 1212 2772 victuriuti

220 2783 407 2855 diensem
434 2783 574 2852 vasedb.
628 2782 784 2854 evenire:
807 2782 976 2840 veneritdb.
1002 2783 1007 2851 Ι
1031 2783 1211 2854 pustellipd.

195 2797 287 2926 suino
308 2855 363 2924 qd:
391 2854 451 2911 vini
472 2855 510 2910 rb
524 2855 604 2925 (Pa).
663 2861 680 2910 6
699 2853 782 2910 diem.
801 2875 826 2911 v.
850 2855 877 2908 d.
937 2853 1211 2925 tsordes-plugee

193 2937 250 2981 ern.
276 2925 304 2981 d.
366 2931 384 2981 8
410 2924 570 2982 illiniuntur
595 2926 622 2983 b⁸¹
682 2931 717 2981 10
743 2925 887 2981 hebebant
907 2925 979 2996 'prbr
1007 2924 1145 2981 habentes
1163 2923 1207 2994 etl

197 2991 317 3078 priores:
336 2993 426 3082 Verrp
445 2997 491 3052 Pl.
537 3031 540 3036 ·
555 3002 588 3052 11
607 2996 683 3053 inbre
699 3013 804 3068 peueoe
822 3011 910 3080 annos
923 3021 958 3042 =
971 3013 1062 3067 nuper
1081 2995 1159 3052 Ptin.

198 3067 1210 3210 tt·ars¹¹tttt¹ttrttttttnatea.tntutatu

198 3208 298 3267 salutis
316 3211 361 3266 est
377 3208 423 3300 rb.
448 3210 453 3278 1
477 3209 601 3280 Expliuit
618 3209 690 3266 liber
706 3210 806 3266 tertius
823 3223 849 3282 p.

546 3457 865 3472 *m*
928 3453 931 3460 ¹
