2636 3874
521 162 740 227 ..49-

120 329 260 390 amittant
278 333 309 388 et
328 325 497 386 enucleatae
517 343 585 386 cum
604 327 706 405 pipere
725 332 874 406 teruntur,

119 416 235 498 quibus
257 415 458 476 admiscentur
477 415 557 474 coria
576 413 644 475 mali
667 416 698 474 in
717 421 800 475 aceto
824 413 873 474 dc-

120 513 221 585 cocta‚
253 505 353 564 oleum
384 510 415 564 et
447 504 626 563 acerrimum
646 510 773 563 'acetum
805 521 873 563 cum

119 593 250 656 tribulas
269 593 405 653 adicitur.
433 590 583 670 oportebit
601 598 701 652 autem
720 593 770 670 qui
789 609 872 652 cura-

86 695 103 736 ⁵
119 682 206 744 bitur
225 684 344 761 potione
364 698 453 760 quam
476 679 641 740 diutissime
660 677 809 740 abstinere
830 713 871 722 -—

119 778 228 850 utpote
256 769 335 848 quod
364 777 394 830 et
420 770 532 829 vomitu
560 776 591 828 ot
616 786 671 847 per
694 767 796 828 sedem
824 785 871 828 ex·

119 859 249 920 hauriat.
300 856 441 918 adversus
478 872 567 936 quam
603 855 734 918 lactucae
772 855 872 916 caules
899 867 988 929 tuot.

121 955 235 1028 quanto
258 948 386 1007 maiores
410 954 440 1006 et
463 947 623 1006 amariores
647 947 677 1004 in
700 946 800 1024 patina
823 963 871 1006 co-

121 1043 258 1116 quuntur
282 1054 318 1096 ex
346 1053 421 1113 aqua
444 1042 475 1095 et
502 1036 545 1095 sic
573 1034 711 1095 eduntur.
748 1034 872 1114 cydonia
899 1045 1004 1107 talou.

74 1139 106 1178 10
120 1133 239 1186 matura
272 1123 363 1185 cruda
390 1125 421 1183 in
454 1121 520 1202 cibo
549 1129 717 1184 sumuntur.
761 1125 870 1202 optime
964 1190 971 1197 ,

120 1214 193 1276 lacit
217 1220 246 1273 et
268 1214 350 1292 potio
370 1213 456 1272 cuius
479 1213 724 1291 compositionem
743 1229 813 1272 cum
835 1209 871 1271 de
901 1213 1028 1285 (astat)

120 1300 274 1363 stomacho
289 1301 456 1362 diceremus
471 1303 670 1379 exposuimus.
694 1299 782 1360 bacae
797 1302 870 1360 acri·
900 1293 1004 1374 24,11'6.

122 1389 187 1450 lolii
210 1392 297 1451 tritae
321 1396 351 1449 et
374 1407 411 1450 cx
434 1390 502 1448 vino
526 1388 620 1449 datae.
657 1405 811 1448 mororum
834 1388 870 1448 dc
899 1398 1004 1461 ΜΟ.

120 1477 199 1540 ruho
220 1496 309 1540 sucus
329 1478 490 1539 efficaciter
511 1475 631 1537 bibitur.
664 1493 740 1554 aqua
758 1478 871 1537 marina
899 1487 986 1550 31,66.

75 1579 106 1620 1⁵
121 1567 217 1628 calida
239 1565 377 1646 clysterio
400 1565 576 1627 infunditur.

187 1733 282 1790 vm.
307 1730 535 1788 'torminibus

189 1850 317 1912 Lactuca
340 1849 471 1911 discocta
490 1847 589 1909 editur
608 1866 644 1909 ex
663 1849 729 1910 oleo
753 1851 868 1929 cymino

120 1939 183 2002 sale
211 1941 313 2018 sinapi.
355 1955 444 1998 ovum
473 1937 599 1998 crudum
631 1938 807 1999 diliunditur
838 1939 870 1996 in
977 2000 979 2008 .

120 2045 208 2109 vaso,
229 2035 371 2107 putamen
394 2029 459 2087 eius
483 2021 712 2105 impleturoleo
737 2026 816 2105 quod
839 2028 870 2085 in

119 2135 192 2178 vaso
220 2116 409 2196 diffunditur,
436 2113 539 2175 cadom
566 2116 681 2175 ratione
711 2123 742 2175 et
769 2117 870 2174 vinum

74 2223 107 2263 ao
121 2214 154 2267 et
176 2205 247 2286 mel,
270 2207 373 2265 vinum
400 2205 438 2264 sit
467 2209 633 2264 austerum:
664 2203 738 2262 baec
760 2203 869 2282 permi-

120 2301 246 2356 scentur
259 2295 290 2354 in
304 2311 398 2354 unum
413 2291 567 2370 cocleario,
581 2298 611 2351 et
625 2289 746 2352 bibitur.
769 2290 870 2351 holera
898 2290 913 2322 *
932 2293 993 2361 (oro.
1012 2293 1038 2361 r)

194 2447 260 2502 tet
277 2446 369 2501 oleum
383 2446 409 2500 d.
433 2445 438 2513 Ι
463 2443 629 2499 acerrimum
648 2460 698 2500 oro.
713 2445 740 2499 d.
766 2445 770 2512 1
795 2443 995 2512 cumtriblusp
1018 2443 1053 2512 (et
1071 2447 1136 2497 oute
1169 2457 1174 2467 ·

120 2533 193 2574 corr.
207 2519 245 2587 d),
264 2534 328 2572 cum
341 2515 454 2572 tribulis
473 2517 521 2570 d⁶.
572 2523 588 2570 6
606 2516 705 2586 utpote
725 2515 801 2584 quod
819 2517 848 2584 (i.
868 2513 935 2584 quia
952 2513 1006 2568 hoc
1020 2513 1137 2581 malum,

120 2587 366 2658 efied.Rom.11,
391 2591 425 2641 25
452 2587 491 2643 io.
516 2587 566 2640 obi
592 2587 657 2642 boec
678 2587 781 2656 primic
803 2586 887 2640 botos
909 2585 1027 2654 capituli
1048 2585 1137 2638 oerbis

121 2660 443 2728 cholera...praecaps
466 2659 623 2726 tramontio
660 2661 751 2712 tameo
773 2658 855 2711 etiam
872 2656 953 2721 infra
976 2657 1137 2722 repetuntur

115 2735 184 2800 port
206 2730 423 2799 conpositionem
446 2730 480 2783 ob
504 2729 606 2784 editore
625 2700 770 2784 l'lr'or'aor'o
797 2744 830 2783 err
851 2727 976 2806 morptoe
998 2725 1138 2794 incertam,

115 2801 208 2872 paulo
225 2804 333 2855 mutata
346 2801 397 2854 sic:
417 2815 472 2869 quo
491 2801 522 2855 et
535 2797 672 2854 vomitum
685 2815 735 2868 per
749 2797 825 2853 sitim
841 2796 1006 2865 exhauriat).
1023 2797 1027 2862 Ι
1048 2796 1137 2851 vomi-

119 2875 185 2926 tum
203 2873 268 2940 (tir)
286 2872 305 2924 d
323 2869 471 2939 (vomitum
488 2871 624 2941 provocet
643 2871 671 2924 et
693 2886 720 2939 p.
737 2867 816 2922 sitim
834 2867 895 2922 exh.
912 2867 1007 2936 patore
1025 2867 1082 2922 loco
1101 2871 1136 2938 r).

159 2948 175 2997 7
194 2942 334 2996 Adversus
353 2957 439 3010 quam
457 2941 503 3009 (oc.
523 2941 665 2996 choleram
683 2940 726 3009 pol
743 2944 769 2994 et
782 2955 828 3008 pr.
848 2939 866 2993 l.
884 2940 924 3008 r):
950 2938 983 2994 In
1001 2955 1075 3008 aqua
1093 2940 1137 3008 (ec

120 3029 170 3069 ent.
190 3013 275 3068 attero
293 3013 360 3082 loco)
384 3013 408 3067 b.
472 3019 487 3066 9
508 3011 628 3081 cydonia
645 3028 675 3081 p:
695 3009 812 3068 cidanea
829 3011 855 3066 d.
921 3015 954 3064 10
972 3010 1003 3064 in
1021 3010 1092 3080 cybo
1110 3027 1136 3080 9.

159 3088 191 3138 11
206 3084 262 3140 oid.
280 3099 368 3152 capro
385 3099 407 3137 e.
422 3089 439 3139 6
457 3099 491 3137 err
506 3083 551 3138 Pl.
571 3089 676 3153 23,133.
723 3087 756 3136 12
771 3081 881 3136 Bachae
895 3079 1078 3151 <cap>rilolii
1096 3081 1138 3151 (ut

119 3157 219 3224 supra)
238 3164 268 3224 9·
296 3155 338 3222 (ot
355 3155 412 3208 ocri.
431 3155 464 3208 io
476 3155 562 3208 unios
580 3155 686 3208 litterae
699 3168 801 3207 racemo
818 3153 855 3206 ott
869 3168 933 3222 cap,
952 3151 1068 3218 fortasse
1080 3167 1137 3220 pro

120 3243 138 3280 c
155 3230 189 3280 ot
205 3241 293 3294 stupra
311 3230 362 3293 2,6.
391 3223 520 3294 aquifolii
539 3224 651 3295 Marc).
672 3225 676 3292 Ι
700 3222 877 3292 agrifolium.
890 3264 896 3279 .
909 3264 915 3278 .
930 3223 1013 3277 datur
1030 3240 1046 3277 r
1064 3223 1137 3290 (pro-

120 3297 188 3352 sunt
200 3297 266 3352 odd.
281 3296 310 3365 b,
325 3295 494 3351 subveniunt
504 3296 559 3366 Μ).
593 3297 638 3356 tit.
652 3293 697 3348 Ad
710 3293 833 3349 tormina
842 3294 869 3348 d.
906 3299 939 3346 18
950 3298 975 3348 et
987 3299 1018 3346 19
1028 3307 1095 3345 vaso
1104 3307 1135 3360 p:

120 3383 188 3422 vasa
206 3367 256 3422 db.
330 3370 362 3420 19
382 3365 558 3422 diffimditur:
577 3367 612 3434 cf.
634 3365 752 3422 coicitur
771 3369 840 3434 tto.
912 3369 947 3418 20
967 3363 1077 3418 austere
1094 3361 1136 3429 φά

121 3437 304 3579 pbbl-mmhr).
359 3441 392 3491 21
412 3438 442 3492 et
459 3437 495 3492 ad
514 3437 703 3507 quantitatem
717 3434 848 3491 coclearii
865 3433 946 3487 unius
964 3430 1099 3485 bibuntur
1111 3446 1137 3484 r.

182 3524 231 3563 era
267 3525 294 3562 ro
310 3524 336 3577 p.

176 3609 244 3651 enno
258 3609 353 3653 aaaron·
366 3610 482 3679 mearam.
959 3592 976 3640 4
