2640 3884
556 107 798 174 -108-

333 272 371 329 sb.
433 268 560 331 mustela
582 267 713 349 vulgaris
739 271 903 332 inveterata
932 266 1082 329 drachmis
1104 267 1188 331 binis

301 369 407 434 aulos.
433 365 562 439 potatur.
603 359 724 438 mugitis
755 364 875 419 anatum
901 359 1089 436 ponticarum
1121 374 1187 418 scr-

301 457 406 518 utata.
433 455 520 509 vatau
545 449 662 527 spissus
689 454 720 508 et
746 445 871 507 diluitur
898 463 935 506 ex
962 447 1039 507 rino.
1076 447 1188 508 asinini

301 546 406 613 rapot.
435 535 587 615 sanguinis
614 543 703 614 potus
735 552 850 596 venena
882 535 1051 614 restinguit.
1096 533 1186 596 haedi
1314 579 1316 590 ι

434 625 556 704 empuis
577 623 692 686 utiliter
713 622 835 685 bibitur.
1213 640 1229 684 s
1316 638 1317 664 ¹

501 769 679 832 ΧΠΠΠ.
703 772 830 828 contre
842 771 997 842 leporem
1010 769 1188 830 marinum

700 862 736 916 et
756 860 978 930 pastinacam.

502 941 644 1007 Saeviunt
661 943 782 1024 quidam
800 950 831 1004 et
848 945 963 1005 marino
986 941 1098 1022 lepore.
1132 944 1186 1022 qui

334 1043 405 1108 ane.
434 1051 503 1095 oum
533 1034 572 1094 sit
603 1050 700 1114 genus
729 1033 834 1114 piscis,
868 1039 996 1094 mortem
1027 1031 1120 1094 infert
1152 1034 1186 1094 in

434 1121 502 1182 oibo
516 1119 679 1204 impactus,
698 1139 758 1183 non
773 1119 902 1183 subitam
921 1120 974 1181 sed
995 1137 1071 1200 quae
1086 1119 1186 1184 traha·

434 1218 485 1272 tur
517 1217 661 1290 quantum
693 1209 828 1290 plerique
856 1211 1027 1271 existimant
1058 1209 1186 1274 totidem

333 1299 371 1356 sb.
434 1297 540 1360 diebus
562 1307 636 1378 quot
662 1299 689 1359 is
715 1297 801 1381 lepus
823 1301 904 1363 uixit.
921 1311 925 1320 ·
941 1305 1030 1378 atque
1054 1300 1107 1378 qui
1128 1298 1184 1360 bas
1199 1315 1226 1357 ro

434 1387 556 1449 iusidias
578 1387 719 1450 inciderit
740 1389 804 1469 ipse
828 1406 882 1450 suo
901 1405 1028 1468 corpore
1052 1385 1186 1450 ostendit

434 1477 624 1559 veneficium,
655 1475 745 1538 babet
775 1494 903 1557 namque
931 1475 1055 1538 odorem
1082 1477 1186 1558 piscis.

318 1575 407 1640 atos,
433 1563 490 1627 boc
526 1563 661 1646 periculo
696 1564 872 1627 liberabitur
907 1567 1023 1626 canoris
1060 1565 1186 1628 marinis

318 1664 406 1728 aaut
434 1654 528 1715 coctis
550 1663 581 1716 et
602 1656 634 1715 in
657 1652 724 1715 cibo
748 1655 882 1734 sumptis.
920 1660 1019 1715 ostrea
1042 1653 1130 1716 fricta
1152 1655 1186 1716 in

300 1752 407 1812 nones.
435 1741 501 1803 cibo
529 1749 655 1823 sumpta.
700 1742 794 1804 malm
821 1760 891 1804 oum
921 1760 975 1804 sua
1000 1742 1102 1805 radice
1135 1761 1185 1805 co·
1200 1757 1227 1800 rs

196 1883 197 1886 ,
301 1841 406 1905 tutos.
434 1831 537 1910 quitur
561 1838 591 1892 et
618 1848 709 1894 sucus
731 1834 797 1894 eius
823 1832 909 1911 potui
931 1831 1025 1894 datur.
1062 1833 1186 1912 sanguis

434 1920 591 1981 anserinus
614 1938 709 2001 aequa
731 1938 800 1983 curu
820 1920 878 1982 olei
900 1922 1037 2001 portione
1060 1919 1186 1986 bibitur.

301 2019 407 2086 aulon.
433 2005 472 2070 ad
494 2010 629 2071 omnium
651 2011 833 2071 marinorum
861 2011 939 2071 ictus
963 2008 1120 2088 coagulum
1142 2009 1184 2071 le·

433 2099 516 2179 poris
548 2105 579 2160 et
607 2096 695 2160 haedi
726 2097 771 2160 vel
801 2099 870 2178 agni
900 2096 1013 2160 bibitur
1045 2116 1081 2160 ex
1113 2101 1184 2162 vino

340 2228 343 2249 .
435 2185 548 2270 cyathis
570 2186 676 2250 tribus.
1199 2201 1227 2244 ro

501 2335 640 2393 mv.
664 2335 792 2393 contre
812 2347 949 2392 murem
970 2349 1147 2394 aeneum.

344 2440 360 2475 *
500 2433 565 2496 blus
589 2451 716 2498 araneus
738 2437 862 2520 exiguus
881 2445 928 2498 est
949 2435 1028 2498 ultra
1051 2436 1183 2521 modum,

434 2524 522 2604 longo
555 2523 690 2607 rostello,
720 2524 875 2590 oculorum
904 2529 968 2588 acie
1000 2525 1120 2609 obtusa,
1153 2535 1186 2588 et

236 2678 484 2740 aenetsrnmrb.
539 2677 839 2752 lasinisenguisrb.
899 2679 1185 2754 4restringit9drb
1310 2736 1317 2744 ,

166 2751 524 2908 {tesbsfriiitiaroeffiaicurgi
541 2823 576 2880 de
590 2751 681 2880 idme
680 2751 1130 2894 gpffiarguanpuffifeptpffiap
1134 2842 1152 2881 r
1157 2825 1185 2896 b)

165 2914 196 2952 an
218 2893 282 2950 cabo
304 2897 448 2967 mpeotam
469 2893 562 2967 pdrb.
589 2895 623 2962 of.
649 2893 695 2950 Pl.
763 2899 780 2949 8
803 2895 852 2950 sed
874 2911 925 2950 orn.
947 2895 996 2965 qd.
1022 2897 1027 2962 Ι
1055 2895 1187 2952 trahetur

166 2966 219 3022 ab:
242 2964 365 3023 trabitur
387 2983 414 3037 a.
483 2973 518 3023 to
540 2966 616 3038 quod
643 2965 750 3036 ispius
769 2966 849 3048 (quot
866 2964 1021 3037 displusd)
1043 2965 1117 3022 uixit
1132 2968 1186 3038 qd,

166 3036 552 3108 quotiscixitrb(efl1²l.),
599 3043 631 3093 11
645 3037 708 3120 ipse
721 3053 752 3108 με
769 3054 781 3091 ι
801 3038 899 3120 sodb.
964 3042 997 3094 12
1016 3035 1185 3094 beneficium

164 3107 379 3182 ydiodorep.
431 3055 955 3180 14ffictapffi10tsetrgpnuaa.
1012 3111 1186 3168 assumto„

166 3181 225 3252 (sic)
249 3181 340 3252 paro.
405 3185 439 3250 lo
462 3179 521 3236 eius
544 3196 595 3236 om.
614 3182 642 3235 d.
707 3182 739 3236 1¹1
764 3195 855 3249 aeque
878 3197 900 3235 o.
924 3195 950 3234 o.
972 3179 1101 3249 portione
1154 3181 1187 3237 ιι

166 3268 255 3323 eaque
277 3253 370 3326 (eque)
398 3269 462 3307 cum
489 3250 545 3307 olei
566 3250 681 3321 potione
700 3249 838 3322 (pocione)
855 3251 947 3321 pdrb.
973 3253 977 3320 Ι
1002 3250 1108 3307 bibitur
1129 3253 1186 3322 yria

165 3339 216 3379 om.
235 3324 280 3380 rb.
352 3328 387 3379 ts
409 3321 614 3378 maritimorum
636 3324 664 3378 d.
689 3325 694 3391 1
718 3339 757 3393 qn
824 3338 909 3393 nme
930 3323 974 3390 (ut
990 3337 1094 3392 semper
1109 3322 1187 3393 scre).

167 3391 606 3522 ¹⁹³⁷i¹i⁰⁹d{1(⁰¹'i¹²i⁶)'
661 3400 767 3464 nocye
801 3392 808 3405 '
841 3391 1187 3465 (dationibundrech-

165 3480 229 3521 mae
247 3482 304 3537 pon
324 3482 370 3523 ere
430 3507 435 3519 .
831 3505 834 3512 1
869 3507 872 3512 -
1050 3503 1052 3510 ι
