2640 3884
551 123 793 226 Ι-116ὲ-

277 320 304 373 V
330 319 413 375 Potio
432 320 469 374 ad
487 318 613 374 dolorem
632 317 770 374 stomachi
788 316 891 386 splenis
909 319 938 372 et
956 317 1046 387 epatis

263 391 302 445 VI
329 391 374 445 Ad
392 388 614 446 calefaciendum
636 390 812 444 stomachum
836 389 865 442 et
888 387 923 442 ad
947 387 1093 458 angustias
1116 388 1175 443 eius
1236 409 1244 418 ·

251 461 304 515 VH
330 461 376 515 Ad
395 461 609 516 confortandum
627 461 802 516 stomachum

238 533 305 587 VIII
331 532 377 586 Ad
395 531 582 603 digestionem
600 532 739 587 stomachi

263 603 302 657 IX
329 603 375 657 Ad
393 603 537 658 fastidium
555 602 692 657 stomachi
711 604 740 658 61
758 603 794 656 ad
813 601 1015 657 carbunculum

277 675 302 728 X
328 675 425 799 {Em
439 675 476 729 ad
494 675 637 729 teneuram
652 673 791 729 stomachi
805 673 851 728 vel
865 672 902 728 ad
917 671 1139 727 defecffionem'
1118 687 1176 726 erre

385 745 524 801 vomitum

262 817 303 870 XI
329 817 374 871 Ad
393 816 548 886 singultum
567 817 596 870 et
613 815 750 870 vomitum

250 887 302 942 XII
329 887 375 941 Ad
393 887 520 943 ardorem
539 885 677 941 stomachi
695 888 725 941 et
743 885 819 940 sitim
885 941 889 948 ,

237 958 304 1012 XIII
331 958 377 1012 Ad
395 958 487 1014 cordio
505 957 631 1012 dolorem

223 1027 304 1083 XIIII
331 1029 376 1083 Ad
395 1029 487 1085 cordis
504 1029 618 1099 pulsum
798 1079 799 1082 ,
847 1095 849 1099 Ι

249 1099 303 1154 XV
330 1100 375 1154 Ad
395 1047 621 1170 praecorpdiorum
639 1099 765 1154 dolorem

235 1171 302 1226 XVI
328 1171 374 1225 Ad
392 1171 511 1242 ligulam
530 1173 559 1226 et
576 1169 714 1226 vomitum

226 1243 306 1297 XVII
332 1243 378 1296 Ad
397 1257 464 1313 epar

209 1315 303 1369 XVIII
329 1313 407 1367 Ado
394 1314 520 1384 splenem

236 1385 302 1439 XIX
329 1384 375 1438 Ad
393 1401 424 1439 oa
442 1383 548 1439 ventris
568 1383 762 1454 stringendum

251 1457 303 1510 XX
330 1456 375 1510 Ad
392 1455 497 1510 ventris
514 1455 640 1510 dolorem
659 1456 687 1509 61
708 1453 765 1508 elia
783 1454 853 1509 vitia

237 1528 303 1582 XXI
329 1526 375 1580 Ad
393 1526 544 1581 lumbricos
563 1529 592 1580 et
608 1526 699 1580 tineas
717 1524 858 1580 necandae

143 1654 146 1658 .
225 1598 304 1654 XXII
329 1599 374 1652 Ad
392 1599 515 1652 tormina

212 1669 306 1726 XXIII
332 1669 378 1723 Ad
395 1671 523 1725 ventrem
540 1669 754 1738 temperandum

198 1741 305 1796 XXIIII
332 1740 377 1794 Ad
395 1743 553 1795 tenesmum

131 1817 136 1823 '
226 1811 306 1867 XXV
332 1810 378 1864 Ad
397 1811 519 1866 coleram

212 1881 305 1938 XXVI
332 1882 378 1936 Ad
396 1881 514 1936 celiecoa

198 1953 305 2008 XXVII
331 1952 377 2007 Ao
394 1953 500 2008 fluxum
518 1950 625 2007 ventrio
644 1950 838 2021 stringendum

184 2024 306 2080 XXVIII
333 2023 379 2078 Ad
396 2022 591 2078 (1166611611166

214 2094 305 2150 XXIX
331 2094 377 2148 Ad
396 2093 590 2150 dissenteriam
608 2094 638 2147 61
655 2092 830 2148 lienterioam

225 2166 304 2221 XXX
330 2166 377 2220 Ad
395 2165 462 2221 colli
483 2164 608 2220 dolorem

210 2237 304 2292 XXXI
330 2237 375 2291 Ad
392 2235 521 2293 intestini
538 2235 654 2290 vulnera
673 2234 862 2290 condilomate
879 2237 991 2292 naturas
1008 2239 1037 2293 61
1056 2239 1176 2308 ragades

197 2309 305 2364 XXXII
330 2308 376 2362 Ad
393 2306 528 2363 intestina
544 2307 629 2376 rupta

183 2379 304 2434 XXXIII
330 2379 376 2433 Ao
413 2379 479 2434 leon

167 2451 302 2506 XXXIIII
329 2398 489 2505 1111116111
508 2449 634 2504 dolorem
652 2448 682 2503 id
701 2451 744 2505 661
761 2449 920 2520 plereueim

195 2521 301 2576 XXXV
329 2521 374 2575 Ad
392 2521 533 2576 coctarum
550 2519 703 2575 tracturam

185 2591 306 2647 XXXVI
332 2591 377 2645 Ad
395 2578 506 2661 lumbos
525 2590 652 2646 dolentes

171 2663 305 2718 XXXVII
331 2663 376 2717 Ad
394 2679 493 2717 renum
511 2661 636 2717 dolorem

156 2732 305 2790 XXXVIII
330 2733 376 2787 Ad
394 2733 504 2788 vesicae
522 2732 647 2787 dolorem

185 2804 305 2872 XXXIX
332 2804 377 2858 Ad
398 2804 538 2859 calculum

246 2876 302 2930 XL
331 2876 376 2930 Ad
394 2873 627 2930 incontinentiam
645 2859 783 2958 urinae

239 2946 303 3000 XLI
329 2946 375 3000 Ad
392 2946 576 3002 verendorum
598 2944 670 3000 viria
693 2946 717 3000 61
739 2945 896 3000 formicatio
922 2947 1022 3004 situel
1042 2965 1174 3004 verrucae

226 3018 303 3072 XLII
329 3018 375 3072 Ad
393 3019 479 3072 166166
497 3018 582 3086 atque
600 3016 718 3071 ramices

212 3089 303 3143 XLIII
329 3087 401 3142 Ad
392 3087 509 3172 1113111116

198 3159 304 3214 XLIIII
330 3158 376 3212 Ad
393 3158 585 3229 intettfigincs

227 3230 304 3297 XLV
330 3230 376 3283 Ad
395 3247 443 3299 acy
445 3246 491 3285 am

212 3300 302 3356 XLVI
329 3301 375 3354 Ae
394 3317 479 3356 coxae
498 3301 623 3356 dolorem

197 3372 302 3427 XLVII
329 3372 375 3426 Ad
392 3371 585 3441 geniculorum
602 3372 726 3427 dolorem

184 3442 302 3498 XLVIII
324 3443 374 3496 Ad
391 3389 526 3497 tibIarum
544 3442 668 3498 dolorem

211 3514 302 3570 XLIX
330 3514 375 3568 Ad
393 3513 515 3569 talorum
534 3512 659 3569 dolorem
