2636 3874
109 312 233 386 denarii
264 309 448 395 singidunum
479 331 582 376 rerum
610 315 750 375 omnium.
792 313 866 375 hoec

109 425 152 466 cx
166 407 237 465 vino
256 404 412 484 diligenter
426 410 567 465 tenuntur
581 401 618 463 ad
639 402 866 463 crassitudinem

109 493 207 574 paulo
219 495 392 572 spissiorem
411 509 500 572 quam
514 491 619 552 mellis.
648 509 684 552 cx
698 489 755 551 hec
773 490 865 550 medi·
891 503 892 506 ’

110 587 254 643 camento
281 581 366 641 initio
393 580 510 660 pondus
533 580 681 640 victoriati
708 581 739 638 in
767 578 865 640 tribus

81 686 94 725 5
110 669 230 751 cyathis
249 685 342 748 eqitne
357 667 496 730 omnbus
511 668 671 729 dormitum
686 667 782 748 datur,
795 685 866 726 mox

111 758 225 819 deinde
249 775 285 818 ex
309 756 413 818 eodem
442 755 529 817 modo
553 771 646 835 aquae
673 756 791 834 pondus
814 754 864 814 de·

111 847 202 908 narii.
251 847 347 925 prima
368 847 504 926 *potione
541 844 694 923 proiectus
727 844 865 923 sentitur,

112 933 226 996 deinde
252 931 421 994 incredibili
448 933 525 994 saltu
553 931 717 1012 explicatur
741 933 864 992 curatio.

190 1215 319 1288 Liber
352 1214 578 1287 sccundus,

272 1380 298 1436 L
319 1377 486 1436 Pthisiois.

185 1497 308 1560 Invenio
325 1501 384 1559 iem
398 1498 590 1577 desperatum
607 1497 770 1577 pthisicum
783 1516 866 1558 sunn-

70 1601 98 1640 10
114 1597 183 1648 tum
205 1587 262 1648 boc
280 1587 377 1647 modo.
405 1586 536 1648 iudicem
555 1587 698 1666 decoquis
716 1589 748 1646 ln
766 1589 868 1666 punici
940 1591 955 1624 *

115 1675 189 1736 meli
211 1677 338 1736 cortice:
360 1677 487 1736 mixtum
507 1693 550 1740 ex,
567 1693 660 1754 oquae
680 1674 785 1756 cyatho
804 1691 866 1736 uno

115 1772 149 1825 et
180 1763 265 1824 leolis
296 1765 362 1843 pori
389 1779 529 1824 mensuro
561 1764 683 1824 cottidie
715 1772 868 1844 stimptum

114 1851 239 1932 proluit.
280 1851 352 1913 ettilo
381 1859 428 1911 est
453 1851 590 1931 pthisieis
618 1861 649 1913 et
679 1853 775 1932 longis
806 1853 867 1913 len·
896 1863 982 1927 2438.

115 1939 262 2020 guoribus
276 1941 328 2019 qui
346 1947 489 2011 tenentur
505 1943 617 2001 monui
630 1943 662 2002 in
676 1940 801 2002 saltibus
815 1941 868 2001 ubi

71 2041 100 2082 1⁵
114 2030 168 2109 pix
182 2030 328 2109 nescitur,
348 2023 460 2108 (plus)
480 2045 568 2108 quam
587 2031 618 2089 in
636 2032 711 2090 meni
729 2031 867 2108 navigare

117 2125 149 2177 et
175 2119 290 2178 1111111111
316 2117 381 2177 loce
407 2118 535 2178 visitate.
578 2119 679 2177 cunoni
710 2116 868 2177 fleuvintiles
895 2127 1000 2190 32,118.

190 2291 204 2338 1
225 2286 350 2341 omnium
368 2286 525 2356 specierum
538 2302 620 2355 peres
639 2302 782 2343 mensures
799 2287 861 2342 tere
875 2285 1025 2356 diligenter
1040 2287 1133 2344 Marc.

152 2361 224 2410 nex
240 2355 307 2411 vino
325 2359 345 2413 d
362 2359 410 2425 (ex
427 2357 493 2412 vino
513 2358 608 2412 vetere
627 2357 745 2427 Maced:
774 2373 807 2412 ex
825 2373 881 2412 uno
919 2400 925 2414 .
1007 2359 1131 2414 3medi-

115 2426 240 2482 enmenti
257 2427 277 2481 d
295 2427 348 2495 (-to
365 2429 423 2497 pr).
471 2433 495 2481 Ἰ4
512 2444 539 2497 p.
558 2445 599 2482 v.:
621 2427 651 2481 id
670 2430 714 2484 est
731 2426 880 2483 dimidium
898 2374 1049 2484 1110111100
1068 2431 1133 2485 add.
1221 2453 1223 2456 >

117 2497 210 2552 More.
267 2502 281 2551 7
300 2497 415 2568 potione
433 2499 465 2566 d,
483 2497 623 2580 positione
641 2500 698 2568 (eod
716 2499 741 2554 si
758 2516 793 2554 en
810 2500 976 2568 correctura)
993 2515 1019 2568 p.
1073 2502 1137 2555 sin

114 2568 171 2634 fine
188 2567 253 2636 (litt.
271 2567 337 2636 11101,
360 2570 389 2638 9)
412 2567 498 2623 Plini1
518 2568 639 2624 Secundi
661 2569 753 2626 Liber.
773 2571 793 2624 I.
817 2571 859 2625 De
881 2569 1023 2626 medicine
1041 2571 1134 2640 explic

115 2636 244 2693 feliciter.
286 2637 429 2709 Incipiunt
455 2645 517 2710 capi.
540 2639 614 2695 libri.
633 2639 667 2694 H.
689 2656 715 2710 p.
740 2642 745 2710 Ι
769 2637 895 2709 Explicit
920 2639 993 2694 liber
1019 2639 1133 2708 primns.

114 2707 260 2778 Incipiunt
277 2709 404 2779 capitula
420 2708 488 2764 libri
505 2710 539 2764 II.
558 2712 585 2766 d:
658 2712 700 2765 tit.
723 2712 766 2766 De
788 2710 918 2780 pthisicis
935 2725 967 2779 p,
990 2709 1035 2764 Ad
1053 2709 1135 2765 thisi-

116 2795 163 2862 0011
180 2781 208 2836 d.
281 2779 469 2850 9pthisicum
486 2796 516 2850 p,
530 2781 710 2864 ‘thisicnmet
733 2783 806 2850 (item
827 2781 926 2849 infra).
999 2786 1033 2836 10
1053 2781 1134 2837 deco-

115 2851 1134 3003 1111111111111111111111111131111

116 2991 255 3062 [sumptui
277 2991 305 3062 b]
330 2991 399 3048 dote
421 2992 528 3062 profuit
551 2995 585 3064 r).
651 2998 684 3048 15
702 2992 751 3064 pix
769 2939 790 3048 1
806 2994 852 3064 (ec.
870 2991 990 3068 pioenep
1009 2995 1091 3067 pinus
1108 3012 1132 3052 r.

117 3061 201 3134 tplus
221 3062 285 3118 add.
305 3077 339 3116 ee·
358 3061 405 3117 Pl.
424 3063 531 3134 (utilius
550 3063 585 3135 b).
606 3066 610 3133 l
631 3063 794 3134 nevigarid
811 3065 907 3134 (quem
920 3065 1136 3137 navigationem¹

114 3133 286 3204 Aegyptiam
310 3132 356 3188 Pl.
380 3133 414 3200 of.
438 3137 537 3204 3162).
610 3141 644 3190 16
666 3133 781 3191 visitare
803 3137 857 3206 pd:
887 3138 975 3193 vitare
997 3137 1058 3192 cM
1083 3139 1134 3208 (eie

116 3203 210 3258 Marc.
246 3245 252 3257 .
267 3209 333 3258 119:
352 3203 407 3270 Qui
424 3204 532 3273 phthisi
550 3205 717 3262 adficiuntur
733 3205 877 3264 maritime
894 3208 958 3264 loce
975 3207 1066 3262 vitate
1085 3207 1133 3261 de-

114 3273 184 3329 bent
202 3219 369 3357 tibunillio
385 3275 507 3360 unexime
525 3277 575 3332 nbi
596 3277 645 3348 pix
670 3276 816 3334 conficitur
834 3277 1008 3334 commoneri.
1037 3277 1070 3342 cf.
1091 3277 1135 3358 ed:

114 3343 195 3400 Rom.
214 3344 348 3400 Truditur
365 3345 435 3402 utile
454 3363 514 3402 esse
531 3347 647 3419 ptysicis
667 3350 696 3403 et
717 3348 809 3418 longis
828 3347 1010 3420 languoribus
1028 3361 1133 3400 meren

114 3414 144 3470 in
173 3415 293 3472 saltibus
319 3415 370 3471 ubi
415 3415 478 3473 inus
497 3419 629 3474 nescitur.
661 3419 776 3488 Aquose
794 3435 860 3474 vero
887 3419 916 3474 et
938 3415 1046 3471 maxine
1068 3415 1132 3471 loce

114 3484 221 3542 debent
238 3487 360 3552 vitent
403 3487 510 3542 nvinles
530 3490 555 3544 d.
