2588 3886
575 168 817 232 -170—

299 331 451 392 stomacho
467 329 677 392 ‘laborantibus
696 329 781 391 cibus
799 330 909 392 utilior.
945 331 1053 391 transit
1073 332 1106 390 in
1129 332 1199 391 anti·

299 419 361 481 doti
384 422 478 482 vicem
498 421 523 482 si
541 438 609 481 cum
629 421 744 499 cymino
764 418 829 479 oleo
848 418 907 480 sale
926 421 1035 479 ieiunis
1053 419 1200 480 offeratur.

299 516 330 571 et
343 509 401 570 coli
419 509 552 570 dolorem
565 511 608 569 sic
623 515 763 588 acceptus
782 507 931 585 emendat,
953 507 1092 586 caligines
1106 507 1200 568 discu-

299 600 349 679 tit,
371 605 507 658 ventrem
528 598 637 658 leniter
659 597 762 659 mollit.
798 597 880 656 radix
902 614 939 657 ex
957 598 1027 656 vino
1045 596 1111 658 albo
1135 598 1202 658 trita

299 695 330 748 et
348 689 379 748 in
397 689 518 767 potione
541 686 686 766 perducta
704 684 833 747 calculos
855 686 972 764 frangit.
1009 685 1113 746 eadem
1132 685 1225 746 lum-⁵
1272 757 1273 764 ἵ

298 775 405 836 borum
424 776 543 837 dolores
557 784 587 837 et
601 793 708 836 renum
722 775 813 835 sedat.
841 773 979 835 medetur
998 776 1087 834 etiarn
1101 773 1203 834 vulvae
1272 779 1273 786 ’

299 863 437 944 querelis.
459 872 558 924 aceto
582 863 713 925 discocta
735 871 765 923 et
787 865 915 941 inposita
939 870 1044 923 contra
1066 861 1202 942 elephan-

298 955 395 1013 tiasim
415 953 518 1013 eilicar
537 952 678 1013 creditur.
716 951 818 1012 cadem
837 953 916 1012 sicca
934 959 1022 1012 tunsa
1040 957 1071 1011 et
1094 952 1127 1011 in
1140 950 1203 1011 lana

236 1047 243 1071 ⁸
298 1041 381 1102 denti
394 1041 508 1102 dolenti
520 1041 637 1103 admota
652 1043 715 1103 sine
736 1039 838 1100 dolore
853 1057 921 1100 eum
936 1039 1074 1101 detrahit.
1104 1057 1203 1100 semen

299 1129 454 1190 obolorum
477 1132 568 1192 trium
586 1132 651 1209 pari
674 1129 806 1209 pondere
825 1146 894 1189 cum
912 1129 1028 1206 cymino
1046 1131 1134 1207 potui
1156 1128 1202 1188 da·
1215 1137 1235 1176 1⁰

300 1225 363 1280 tum
386 1236 525 1278 venerem
549 1218 693 1299 stimulat,
716 1217 856 1279 sollicitat
878 1218 1003 1278 urinam.

237 1414 252 1448 *
364 1419 507 1476 xm.
540 1420 588 1475 De
611 1418 807 1474 armoracia.

191 1528 285 1654 yffi
367 1537 464 1599 Calida
493 1545 539 1598 est
570 1539 750 1598 armoraciae
777 1538 886 1617 virtus,
919 1544 949 1597 et
977 1536 1044 1598 ideo
1079 1538 1111 1598 in
1139 1535 1201 1598 cibo
1275 1564 1276 1648 y

194 1634 234 1667 “⁹
273 1635 413 1706 *sumpta
451 1628 600 1707 copiosam
637 1624 763 1687 effundit
797 1627 923 1687 urinam.
973 1628 1078 1687 incitat
1115 1626 1199 1687 etiam
1275 1649 1276 1652 ¹

296 1723 449 1776 menstrua
471 1716 658 1775 feminarum.
695 1714 846 1775 stomacho
865 1715 946 1776 utilis
965 1732 1000 1775 ex
1020 1723 1106 1776 aceto
1129 1714 1199 1774 data.

295 1805 417 1883 pituitas
440 1803 602 1882 glutinosas
622 1821 690 1863 oum
708 1801 793 1864 melle
813 1811 930 1882 sumpta
950 1803 1092 1865 dissolvit.
1122 1802 1198 1863 radix
1212 1807 1230 1848 1⁵

221 2024 267 2091 (⁶f·
359 2036 489 2109 Asparagi
515 2035 543 2091 in
572 2034 634 2091 cibo
656 2034 758 2108 sumpti
788 2035 929 2091 stomacho
958 2042 1086 2108 prosunt.
1127 2023 1199 2090 caihli

190 2094 372 2175 Amdsnnt.
408 2119 482 2175 radix
511 2121 537 2176 in
567 2135 635 2193 aqua
658 2127 735 2175 cocta
756 2120 860 2175 vesicae
883 2135 978 2176 causas
1002 2134 1098 2175 omnes
1127 2127 1198 2175 curat

190 2167 471 2260 Π’123)·εῑοείειι1υω
487 2206 598 2278 frangit.
628 2204 656 2259 in
671 2205 732 2259 vino
755 2211 832 2260 cocta
853 2202 928 2260 radix
950 2205 1008 2260 eins
1024 2202 1197 2276 quartanariis

297 2287 424 2360 prodest,
457 2287 579 2345 dentium
606 2287 716 2345 dolores
749 2287 821 2344 tollit
848 2295 877 2346 et
904 2289 1024 2362 agitatoi
1049 2286 1196 2345 confirmat.

295 2386 390 2426 renum
413 2370 523 2428 dolores
545 2380 573 2428 et
595 2373 734 2429 urinarum
755 2371 946 2430 suffocationes
969 2381 1078 2447 purgat.
1110 2385 1195 2428 semen
1208 2374 1229 2412 2⁰

296 2471 391 2512 eorum
420 2457 513 2512 tritum
540 2473 602 2512 cum
624 2459 686 2512 vino
710 2456 783 2529 (pot.
807 2453 929 2530 cymino)
960 2465 1055 2531 potum
1078 2469 1195 2514 venerem

296 2540 425 2597 stimulat.

260 2810 276 2856 2
295 2802 398 2860 cimino
412 2821 458 2873 po.
475 2805 479 2872 Ι
495 2821 518 2859 c.
533 2803 643 2873 cymino
656 2805 716 2873 (sic)
735 2805 764 2859 el
777 2803 837 2858 sale
851 2804 873 2871 l,
892 2820 916 2857 c.
935 2781 1046 2859 cimhno
1060 2805 1090 2860 eh
1103 2801 1159 2857 sale
1170 2798 1193 2852 d.

224 2879 240 2927 3
260 2874 336 2929 choli
352 2891 399 2945 po.
453 2881 472 2930 4
490 2892 525 2930 cx
542 2893 567 2930 v.
583 2874 648 2930 albo
666 2877 734 2944 pola
753 2875 832 2944 (poia
848 2875 914 2929 albo
933 2875 961 2944 d)
981 2875 1103 2930 calculos
1120 2875 1151 2926 ir.
1165 2868 1194 2924 ld

189 2943 246 3011 (cet.
261 2944 337 3000 adh.
352 2947 369 3000 i.
385 2947 420 3014 cf.
436 2945 522 3013 Prin„
540 2947 590 3000 uhi
607 2947 677 3000 mole
688 2946 751 3000 dmi.
766 2946 924 3015 Deilefaeu).
971 2945 1193 3071 apprehensor:

189 3014 258 3070 data
274 3017 319 3072 rh.
375 3024 391 3073 6
411 3016 519 3072 dolores
537 3017 627 3087 pald:
651 3034 722 3072 rem
739 3033 755 3070 r
773 3017 825 3086 (re
844 3016 879 3086 h).
897 3018 901 3085 Ι
918 3032 1003 3086 quere
1017 3017 1039 3072 's
1059 3015 1139 3072 vulve
1156 3010 1191 3065 ld.

225 3087 384 3161 idisooctp
406 3087 538 3157 imposito
559 3106 578 3157 p
600 3083 886 3171 (discooteeimposiio
903 3090 939 3152 u).
960 3089 965 3155 Ι
990 3086 1125 3143 discocta:
1151 3081 1192 3134 de·

189 3157 271 3212 cocta
286 3159 330 3214 Pz.
348 3161 352 3226 Ι
369 3157 619 3229 eleph(f)aniiosim
631 3175 670 3229 po
680 3160 751 3228 (rb):
767 3176 821 3214 -sm
836 3160 877 3213 ld.
915 3164 931 3214 8
946 3157 1068 3214 creditur
1077 3171 1142 3212 ease.
1155 3151 1191 3205 ld.

224 3233 241 3282 9
259 3228 367 3285 dolenti
384 3231 422 3285 rb
441 3231 486 3298 (cf.
505 3230 567 3300 D.):
587 3229 708 3285 dolentis
726 3246 779 3300 po,
798 3229 902 3285 doloris
922 3230 962 3286 ld.
1001 3236 1034 3284 10
1052 3226 1113 3298 pari
1128 3239 1191 3294 pon·

189 3298 255 3354 dere
272 3316 322 3358 om.
341 3317 359 3371 p
379 3303 446 3369 (ooo
463 3301 536 3370 old).
554 3303 558 3369 Ι
575 3305 638 3356 oum
656 3299 761 3370 cymini
779 3301 842 3370 pari
859 3302 983 3370 pondero
1000 3301 1037 3354 rb
1055 3298 1099 3368 (cf.
1115 3295 1192 3350 Pto

187 3383 276 3438 supro
296 3387 328 3440 p.
349 3374 464 3441 ncipit).
520 3378 552 3426 11
577 3372 687 3426 urinam
710 3371 846 3427 sollicitat
867 3373 912 3427 rh.
962 3373 1004 3425 tit.
1024 3369 1090 3439 (ete.)
1108 3377 1190 3421 armo·

187 3440 407 3570 ‘iii.i²..·il
425 3443 543 3583 litii.
562 3441 818 3569 „nstitit
837 3443 864 3498 ‘²'
912 3449 945 3497 ¹³
965 3441 1050 3498 βω
1066 3455 1115 3495 ⁰'”'
1133 3435 1158 3491 a.
