2654 3878
549 238 589 245 -
637 187 768 266 94⁸..

331 371 350 402 *‘
419 365 503 427 cudis
539 364 652 426 utiliter
688 363 808 425 bibitur.
864 363 916 424 sed
953 371 984 425 et
1018 363 1171 426 humanus

303 463 391 527 30‚88.
419 455 538 534 sanguis
556 452 613 514 boc
632 453 702 516 vitio
725 451 840 514 hberat.
875 451 916 512 lel
933 455 1073 532 agninum
1097 472 1172 515 curn

318 545 355 599 it.
419 543 505 604 melle
533 542 578 603 vel
601 540 728 602 cocleari
755 541 801 601 vel
828 540 917 619 ligula
945 543 1082 602 sumitur.
1119 560 1170 604 ca-

418 632 500 694 tulus
522 631 633 692 lactans
652 629 767 692 absciso
787 632 882 709 capite
901 637 932 691 et
954 629 1093 712 pedibus,
1117 649 1170 690 ex·

419 723 508 782 sectis
531 721 706 801 interaneis,
736 736 772 779 ex
794 721 862 779 vino
887 725 917 778 et
939 735 1038 798 myrra
1061 725 1196 780 coctust

303 817 390 880 30,90.
418 809 526 872 editur.
572 812 686 870 viverra
718 815 836 888 sumpta
871 809 902 868 in
935 806 1002 868 cibo
1034 807 1169 887 prodest

318 898 355 952 ib·
418 899 528 959 lacerta
554 898 657 958 viridis
687 897 782 958 ablato
811 898 906 976 capito
929 902 960 956 et
986 895 1113 976 pedibus
1135 904 1191 958 et

268 968 328 1035 (Μ
343 967 390 1036 τὸ)
418 989 580 1049 interaneis
608 989 641 1047 in
669 985 735 1046 cibo
763 984 850 1047 datur
878 984 996 1046 condita
1024 992 1058 1045 ut
1084 985 1169 1045 lasti-

317 1073 354 1130 t'b·
418 1077 501 1137 dium
532 1075 638 1154 abigat.
680 1074 848 1136 coclearum
880 1074 955 1134 cinis
983 1073 1082 1135 addito
1114 1071 1170 1134 lini

419 1167 530 1226 semine
558 1170 589 1224 et
616 1165 729 1224 urticae
753 1181 790 1224 ex
818 1155 905 1224 melle
933 1162 1071 1223 inlinitur
1097 1173 1215 1223 cum1⁰

302 1259 390 1321 30‚92.
419 1253 487 1314 sale.
524 1255 610 1313 iecur
631 1251 758 1312 vulturis
785 1255 890 1312 tritum
917 1269 986 1312 oum
1014 1268 1069 1312 suo
1100 1267 1168 1311 san-

259 1345 265 1354 “
418 1344 507 1422 guine
531 1343 708 1421 propinatur
729 1348 777 1402 ter
800 1341 931 1420 septenis
954 1339 1068 1400 diebus.
1106 1355 1168 1400 me·

418 1430 475 1492 lius
494 1429 617 1510 prodest
637 1432 663 1490 si
681 1447 715 1490 ca
734 1431 794 1489 avis
813 1447 883 1490 cum
901 1427 1047 1489 occiditur
1067 1435 1170 1489 satura

294 1525 390 1588 anet.
418 1522 485 1580 erit·
498 1519 627 1581 humano
650 1517 800 1578 cadavere.
838 1517 878 1578 lel
904 1517 1065 1579 testudinis
1088 1517 1170 1577 nari-

284 1613 390 1677 322112.
417 1608 475 1670 bus
489 1608 606 1669 inlitum
623 1609 769 1668 iacentem
789 1607 884 1686 erigit.
912 1604 1069 1686 coagulum
1082 1604 1213 1667 vituli1⁵

417 1698 524 1756 marini
546 1694 659 1756 bibitur
686 1713 755 1757 cum
782 1694 858 1756 lacte
886 1697 995 1774 equino
1024 1701 1075 1755 aut
1098 1693 1170 1755 mali

317 1782 354 1837 ib·
416 1785 519 1864 punici
549 1793 623 1844 suco
651 1791 702 1844 aut
734 1783 830 1846 mulso
863 1791 955 1844 aceto.
997 1789 1170 1844 castoreum

308 1921 316 1932 ,
416 1875 448 1934 in
472 1875 547 1934 aceti
570 1871 659 1933 mulsi
682 1871 795 1952 cyathis
817 1870 915 1932 trihus
937 1873 1046 1932 ieiunis
1069 1872 1169 1934 datur.

317 1961 353 2016 ib.
416 1964 442 2022 is
475 1963 527 2040 qui
559 1962 678 2040 saepius
705 1959 816 2021 cadunt
843 1960 969 2040 clystere
996 1959 1170 2021 infunditur

416 2050 486 2110 hoc:
510 2051 637 2111 castorei
651 2048 807 2111 drachmae
822 2049 911 2130 duae,
929 2049 1025 2109 mellis
1038 2047 1169 2131 hemina,
1184 2058 1214 2099 ²⁰

302 2147 390 2210 toto.
418 2139 476 2200 olei
503 2139 634 2220 hemina,
667 2155 760 2217 aquae
790 2139 937 2199 sextarius
959 2151 981 2198 1.
1022 2137 1168 2198 mustelae

285 2235 390 2298 tento.
418 2229 549 2288 marinae
567 2229 652 2291 iecur
669 2229 701 2287 in
716 2225 782 2286 cibo
800 2224 876 2288 bene
892 2228 1028 2288 sumitur.
1061 2235 1168 2287 carnes

418 2317 555 2394 caprinae
578 2319 701 2396 inrogo
723 2315 851 2376 hominis
873 2322 969 2376 tostae
988 2314 1069 2376 hunc
1088 2332 1167 2376 mor-

317 2403 354 2457 ab.
404 2402 489 2463 >bum
512 2403 672 2481 depellunt.
709 2405 823 2483 caprini
846 2403 892 2464 vel
919 2405 1032 2465 cervini
1055 2421 1167 2464 cornus

418 2492 478 2551 usti
501 2490 587 2552 nidor
610 2491 775 2555 adhibetur.
1092 2529 1099 2534 -
1182 2501 1212 2541 2⁵

220 2768 431 2838 lutilitereyo:
450 2766 655 2825 relrituliter
673 2769 733 2840 (sic)
750 2769 843 2839 odet.
898 2767 1167 2839 tueleulignla

148 2856 198 2896 otu.
220 2841 266 2896 Pl.
320 2840 464 2896 eluctans
481 2855 511 2909 9:
531 2841 606 2894 tens
620 2840 660 2895 db
675 2839 752 2908 (Po).
777 2842 781 2906 Ι
807 2837 924 2894 maeotis
942 2837 1094 2896 interaneis
1113 2854 1166 2896 out.

150 2911 195 2994 Ifl.
229 2909 549 2994 ‘embrodb'f‘fftlz
574 2911 718 2994 metent.
757 2910 975 2993 Hivernen,
997 2909 1118 2966 Vinerre
1136 2912 1166 2979 d,

147 2981 1165 3122 mastrucatcrtcrntacrn...1tr0>uu

146 3126 212 3180 tura
228 3123 324 3193 ydria:
344 3123 469 3180 mee
485 3133 533 3192 9⁰.
589 3129 624 3178 14
642 3123 767 3180 hnmana
785 3123 844 3193 (sic)
861 3139 887 3193 9.
913 3124 917 3190 l
942 3123 978 3178 de
996 3122 1121 3180 humone
1139 3139 1163 3178 e.

146 3195 286 3265 Mettius).
347 3198 379 3248 15
397 3192 511 3248 inlitum
529 3193 644 3263 (illitum
658 3195 686 3265 h)
703 3195 755 3264 ybs
773 3193 908 3249 illinitum
927 3195 954 3252 ol.
1010 3200 1043 3252 te
1061 3192 1164 3250 manni

144 3264 228 3322 rituli
249 3266 276 3322 d.
340 3270 374 3320 te
393 3263 513 3334 clystere
534 3264 719 3325 infunduntur
740 3266 844 3336 baeer
872 3264 985 3334 (clyster
1002 3264 1163 3322 infunditur

134 3336 194 3393 ¹ille
213 3339 250 3408 t).
272 3340 277 3408 Ι
301 3333 471 3392 inbmditnr:
496 3351 532 3392 sc.
551 3338 708 3392 oosmreum
729 3337 793 3405 (hoe
816 3335 954 3406 clystere).
1016 3341 1050 3391 20
1068 3335 1162 3391 mellis

146 3410 176 3463 et
198 3408 254 3464 olei
276 3407 414 3464 sextarius
437 3407 467 3462 et
489 3423 578 3475 eques
604 3406 772 3464 tantundem
794 3407 840 3464 Pl.
903 3413 939 3464 tt
961 3406 1164 3478 caprini-ed:

147 3477 260 3599 ”etan
277 3480 330 3550 yb:
357 3495 407 3536 oua
431 3479 457 3534 d.
484 3478 488 3546 Ι
513 3476 675 3534 adhibetur:
705 3477 845 3548 (morbum
872 3477 976 3550 letum)
1008 3476 1163 3548 dilllisshffl·
