2636 3874
524 165 743 230 ,39-

120 325 238 404 gummi
273 325 417 403 optimum
452 342 521 385 cum
553 327 620 386 vino
652 326 811 388 resolvitur
843 335 873 387 ct
900 337 1006 400 24,105.

119 412 221 472 riatur.
258 413 284 471 si
302 412 368 473 fieri
386 419 498 494 potest,
520 417 633 492 gummi
654 434 690 476 ex
711 413 872 496 amygdalis
934 418 971 472 n.

120 503 171 561 sit.
218 496 364 562 ruborum
390 502 422 560 in
454 501 563 582 quibus
595 521 677 564 mora
709 512 873 565 nascuntur
900 514 1005 577 atne.

121 587 264 649 cauliculi
295 591 392 649 teneri
424 589 605 670 tunduntur,
637 609 673 653 cx
705 591 752 651 bis
782 609 872 653 sucus

90 677 317 757 ⁵cxprimitur',
349 678 401 755 qui
427 679 458 738 in
486 677 547 738 sole
576 677 612 737 ad
645 678 873 740 crassitudinem

119 764 220 826 mellis
243 766 385 826 siccatur:
408 764 457 825 hic
475 765 600 826 haustus
618 768 792 845 sanguinem
810 767 872 826 effi·

119 854 278 936 cacissime
293 850 411 913 claudit.
440 853 604 915 eorundem
618 853 763 915 ruborum
771 853 872 915 caules
900 863 1004 927 24,119.

121 960 160 1001 ox
174 943 242 1000 vino
257 947 377 1002 austero
392 940 508 1002 decocti
521 942 653 1004 eduntur
666 941 755 1022 idque
771 945 873 1004 vinum

120 1029 237 1089 bibitur
258 1030 290 1088 in
312 1030 442 1107 potione.
479 1048 589 1091 cornus
608 1033 720 1092 cervini
743 1033 818 1092 cinis
841 1033 872 1092 in
899 1040 1005 1104 aanor.

79 1129 107 1169 1⁰
121 1119 192 1177 vino
206 1124 307 1177 vetere
322 1123 451 1196 potatur.
487 1116 650 1180 bubulinus
669 1121 789 1198 sanguis
803 1138 873 1182 cum
900 1129 1004 1192 tulto.

121 1213 208 1266 aceto
241 1203 356 1266 modice
390 1213 527 1286 sumptus
562 1203 704 1287 <iuvat>.
753 1207 873 1269 haedini
900 1217 1004 1281 28,196.

121 1294 276 1372 sanguinis
290 1296 422 1354 recentis
435 1301 498 1354 tres
513 1295 610 1373 cyathi
629 1314 698 1357 cnm
710 1298 776 1376 pari
790 1314 871 1357 men·

120 1400 195 1442 sura
212 1382 290 1442 aceti
309 1382 459 1443 ferventes
472 1385 558 1462 potui
571 1382 689 1444 dantur.
716 1384 872 1462 coagulum
934 1385 972 1440 n.

120 1471 280 1530 corvinum
306 1485 344 1530 ox
365 1478 450 1532 aceto
477 1470 573 1532 datur.
611 1469 769 1550 coagulum
791 1471 871 1551 lopo·
900 1481 1005 1544 nutat.

79 1570 106 1610 1⁵
120 1559 224 1620 ninum
247 1556 352 1620 codem
375 1558 471 1619 modo.
958 1561 960 1565 ’

190 1731 296 1798 XXV}
317 1738 486 1796 vomicae.

191 1857 327 1919 Vomicac
353 1858 530 1937 plerumque
554 1867 715 1939 erumpunt
742 1862 774 1920 in
801 1859 871 1921 late·

120 1947 208 2008 ribus
232 1948 264 2008 in
287 1945 473 2008 membranas
492 1965 691 2028 supervacuas
708 1957 739 2010 et
757 1966 793 2008 cx
811 1947 872 2008 lan·

120 2033 268 2116 guoribus
291 2042 388 2115 natas,
419 2034 544 2096 humore
566 2044 709 2098 concreto
731 2039 872 2115 intusque

121 2141 283 2206 converso,
309 2125 361 2202 qui
384 2122 457 2184 adso
480 2124 608 2184 fecunde
632 2124 821 2185 subnascitur
839 2131 873 2184 ut

79 2222 109 2264 ²⁰
121 2230 185 2273 non
194 2219 255 2272 tam
264 2220 422 2273 excreetur
436 2229 526 2290 quam
535 2220 696 2273 evomatur.
711 2229 763 2272 eos
772 2214 873 2290 itaque
944 2214 960 2250 *

122 2302 177 2379 qui
204 2316 269 2362 cam
296 2301 447 2360 fortunam
468 2299 644 2383 inciderint,
671 2308 790 2381 oportet
812 2317 872 2360 am·

120 2387 227 2450 bulare
247 2389 359 2449 vectari
376 2389 484 2469 ungui,
506 2388 602 2450 lectus
617 2397 647 2450 ct
661 2391 790 2468 requies.
822 2391 873 2467 qui

196 2574 399 2646 lgummsy'd.
420 2578 425 2644 l
446 2592 510 2632 cum
523 2576 589 2632 vino
602 2578 655 2647 qt:
675 2594 737 2632 cum
752 2574 1054 2658 sextariovinigimm.
1070 2573 1140 2642 Pl).

122 2653 309 2787 sllffi⁹
331 2648 506 2774 mam-ri
523 2653 578 2787 qul
597 2647 731 2772 mololmss
765 2643 1139 2798 b⁰⁵2⁶il<12¹l¹l²llllon

121 2789 228 2914 purat
245 2789 309 2844 add.
327 2788 373 2845 rb.
438 2793 472 2842 12
491 2787 647 2858 sanguinis:
666 2789 701 2856 cf.
719 2805 744 2843 v.
764 2789 782 2844 l.
801 2788 878 2844 codd.
899 2786 944 2842 Pl.
1014 2791 1047 2840 13
1066 2787 1141 2842 acob

136 2859 259 2916 ementis
272 2876 310 2930 qr
328 2858 478 2927 (ferventes
492 2860 563 2929 09⁰)=
581 2859 662 2913 aceto
680 2858 833 2914 ferventid
852 2856 897 2927 (cf.
913 2856 958 2912 Pl.
978 2873 1042 2912 cum
1059 2859 1140 2913 aceto

122 2930 184 2986 acri
206 2929 269 3001 pari
292 2929 377 2986 modo
401 2929 512 2986 fervens
539 2929 644 3000 potus).
671 2930 707 2997 cs.
727 2929 820 2985 Marc.
838 2945 871 3000 p.
891 2933 952 2988 120.
1025 2934 1059 2983 14
1084 2945 1141 2984 ωτ-

122 2999 223 3056 finum
239 3000 394 3084 yd(rM)=·
410 3016 460 3057 cm.
481 3001 526 3056 Pl.
551 3002 556 3070 Ι
591 3017 614 3055 c.
634 2998 770 3082 dotnrflx
791 3001 870 3085 aceto
888 3000 916 3055 d.
984 3000 1026 3056 tit.
1044 2999 1141 3084 Yomi·

123 3070 1140 3213 tta?1tttnnc2t...tttmnt.t²tt0nnttttt

121 3212 284 3283 Erumpunt
301 3212 377 3267 enim
394 3212 432 3284 pl.
451 3229 467 3268 s
489 3212 626 3268 latoribus
644 3213 823 3270 membranae
850 3228 1038 3284 supervacuae
1069 3228 1103 3266 ex
1120 3210 1140 3264 l.

123 3285 263 3339 natas...
301 3288 335 3338 18
348 3281 481 3352 intusque
495 3301 522 3339 rr
541 3281 788 3355 intussimqncq‚
806 3283 949 3340 latussim
961 3283 990 3354 gt.
1028 3279 1141 3335 19snb-

123 3353 249 3409 nascitur
257 3369 288 3423 φτ
302 3353 548 3424 subnascuntnrd,
562 3354 718 3410 innascitur
725 3372 749 3412 r.
786 3360 820 3409 21
832 3354 892 3424 (qui
901 3349 1140 3421 hancpassionem

121 3423 179 3479 inc.
203 3429 239 3494 r).
320 3429 355 3478 22
378 3423 485 3480 vectori
501 3425 553 3494 ytr
581 3424 713 3480 vectitari
735 3425 762 3482 d.
788 3426 792 3494 t
820 3425 907 3496 ungui
923 3438 954 3492 9:
981 3419 1051 3488 ungi
1068 3419 1138 3491 not

121 3493 216 3550 lectus
234 3493 333 3564 (lectos
350 3497 377 3564 r)
397 3496 426 3550 et
442 3494 552 3563 requies
572 3496 633 3564 (stc)
650 3496 700 3564 qd.
