2654 3878
513 199 732 264 *75-

109 357 164 418 los
184 367 213 420 et
234 360 372 420 remedia.
409 361 462 422 sed
489 378 558 422 eum
582 362 695 440 aliquae
725 381 774 424 res
796 362 861 442 plu·

107 446 198 508 ribus
211 448 288 508 vitiis
301 451 429 530 prosint,
443 447 618 511 brevitatem
631 459 752 512 secutus
767 469 862 531 genus
877 459 880 466 “

108 538 278 615 scripturae
301 537 377 616 elegi
397 537 476 616 quod
500 536 669 600 subiectum
692 547 745 600 est.

179 623 300 685 Vermes
323 627 429 704 quiin
452 626 531 704 liguo
553 636 731 710 naseuntur,
756 646 860 689 vocan-
888 636 994 698 30‚115.

76 721 164 773 ⁵tur
187 731 298 795 cosses,
323 713 355 773 hi
378 716 442 775 triti
464 716 496 774 in
518 733 617 795 panno
640 715 808 776 inlinuntur
831 725 861 777 et

107 801 207 863 ulceri
242 811 440 881 apponuntur.
491 802 570 863 idem
607 803 755 864 combusti
792 823 861 864 oum
923 804 960 858 ib.

107 891 191 950 aneti
221 892 286 968 pari
317 891 449 969 pondere
481 893 613 970 impositi
645 909 748 952 nomas
785 909 860 970 quos

106 984 216 1038 vocant
247 995 371 1038 cancros
403 979 520 1040 sistunt.
570 979 639 1040 fimo
672 982 772 1040 ovium
803 980 861 1041 sub
887 987 991 1050 30‚114.

107 1073 188 1126 testa
207 1065 348 1127 caletaoto
367 1074 398 1128 et
417 1067 539 1128 subacto
559 1075 693 1128 tumores
708 1068 859 1150 sedantur,

66 1165 92 1205 1⁰
108 1153 225 1215 fistulae
259 1163 409 1216 sanantur.
460 1173 562 1216 nomas
599 1158 709 1217 sistunt
741 1156 857 1218 cocleae
886 1164 991 1226 30‚116.

108 1235 219 1304 crudae
248 1242 285 1303 de
310 1261 364 1304 suo
386 1251 464 1305 testo
489 1246 600 1305 eiectae
624 1252 654 1305 et
680 1247 713 1305 in
735 1245 857 1307 linteolo

106 1331 207 1392 inlitae
228 1339 258 1392 et
277 1333 435 1410 appositae.
464 1330 603 1393 eaooethe
623 1333 760 1394 emendat
778 1333 859 1394 ulula
885 1339 982 1402 30,118

107 1420 239 1480 discocta
269 1421 300 1479 in
332 1419 398 1479 oleo
426 1428 456 1480 et
483 1421 611 1480 contrita
638 1423 687 1480 oui
715 1424 858 1483 miscetur
885 1409 946 1475 (⁰m·
965 1413 990 1478 θ’)

106 1507 249 1587 butyrum
280 1507 400 1569 ovillum
433 1515 463 1569 et
494 1508 561 1568 mel.
607 1506 711 1568 eadem
742 1510 858 1568 ratione
885 1515 981 1577 32‚126

67 1607 92 1649 1⁵
106 1603 252 1657 curantur
267 1603 298 1657 et
311 1595 395 1676 cybio
406 1605 516 1677 vetere,
531 1596 610 1675 quod
620 1604 654 1657 ut
664 1595 858 1675 emplastrum
885 1585 946 1652 (m
964 1588 989 1655 r)

104 1703 205 1764 panno
224 1683 310 1744 inlini
327 1684 424 1745 debet.
455 1702 573 1746 vermes
593 1684 744 1745 ulceribus
763 1686 858 1746 innati
885 1691 989 1754 32127.

106 1790 248 1834 ranarum
271 1772 339 1832 felle
363 1772 517 1834 tolluntur.
554 1791 630 1851 quae
654 1781 778 1853 serpunt
801 1773 856 1835 sal·
919 1771 956 1826 lb·

106 1868 242 1922 samento
270 1863 364 1920 veteri
391 1867 459 1921 tuso
487 1864 518 1922 in
551 1861 672 1922 modum
704 1861 857 1941 emplastri

106 1956 260 2010 curantur.
292 1950 375 2010 radix
398 1951 523 2028 peponis
542 1951 669 2012 contrita
687 1949 788 2011 ulcera
811 1968 855 2010 sa·
885 1955 970 2018 20,11.
1012 1947 1023 1963 “

66 2047 92 2091 ²⁰
105 2045 159 2098 nat
189 2039 221 2097 in
248 2037 370 2098 modum
397 2037 454 2098 lavi
481 2046 633 2119 concreta,
669 2055 744 2117 quae
777 2041 857 2098 eeria

104 2133 221 2186 vocant.
259 2143 361 2185 semen
384 2125 507 2205 raphani
535 2144 570 2186 ex
599 2143 676 2204 aqua
698 2127 803 2186 tritum
826 2133 857 2186 et
884 2132 971 2193 2022.

105 2215 273 2294 appositum
302 2215 381 2274 sistit
409 2212 509 2274 ulcera
543 2231 618 2292 quae
650 2213 855 2292 phagedaenas

180 2407 193 2454 1
222 2401 333 2472 aliquae
356 2417 413 2457 ress
441 2399 591 2470 aliquoties
614 2402 639 2457 b.
712 2406 729 2455 4
754 2400 868 2456 Vermes
896 2418 966 2472 quos
993 2399 1070 2470 ligno
1094 2417 1120 2452 n.

105 2473 168 2542 (eir)
185 2487 211 2540 9.
231 2475 236 2539 t
255 2471 285 2526 in
302 2472 381 2542 ligno
399 2474 419 2527 i.
438 2487 459 2527 e.
478 2471 508 2526 in
526 2471 625 2527 arbore
643 2487 714 2527 eave
732 2471 780 2527 vel
816 2472 912 2527 uirida
926 2473 1018 2527 Mare.
1029 2486 1060 2538 p.
1076 2475 1118 2523 42.

143 2546 269 2598 booeses
289 2542 334 2599 Pl.
346 2543 394 2612 (r):
417 2543 506 2602 tusses
524 2543 587 2613 pdb
606 2543 667 2611 (orn.
688 2544 744 2613 Μ).
770 2542 774 2614 Ι
797 2490 852 2598 Eae
870 2542 932 2598 triti
949 2559 975 2611 9.
1001 2543 1004 2609 Ι
1029 2539 1121 2594 linun-

105 2615 154 2668 tur
170 2628 200 2681 9,
222 2611 380 2668 illiniuntur
402 2613 451 2669 db.
524 2613 635 2669 teneti
656 2614 803 2683 pdr(M):
827 2612 905 2668 anesi
924 2611 969 2667 Pl.
995 2614 999 2680 Ι
1023 2625 1121 2665 nomas

107 2699 178 2754 quos
195 2700 221 2738 v.
241 2700 356 2739 canoros
374 2685 403 2740 b:
422 2699 506 2739 noma
520 2684 658 2754 (nomed)
677 2683 751 2753 quod
764 2685 868 2739 vocent
886 2699 986 2738 cancer
998 2682 1053 2749 od,
1072 2695 1120 2734 no·

106 2769 168 2808 mae
185 2754 261 2823 quod
274 2757 319 2809 est
337 2770 465 2811 cancere
482 2755 593 2823 (auant
612 2753 802 2810 carcinomate
820 2755 876 2821 Μ),
927 2753 1032 2808 exusta
1044 2750 1120 2820 ydb:

107 2826 181 2880 testo
201 2823 246 2882 Pl.
264 2825 404 2894 <subtecto
421 2827 456 2894 r).
529 2831 563 2881 10
581 2825 715 2879 sanentur
731 2826 769 2894 pb
793 2824 958 2894 (purgentur
976 2824 1121 2878 sanantur·

110 2911 164 2964 que
176 2895 245 2963 Pl.):
260 2895 392 2951 sedantur
400 2897 520 2965 (liemon)
530 2896 549 2950 d
558 2895 676 2964 (fistulas
684 2895 788 2965 purget
796 2895 830 2964 r).
847 2897 851 2961 Ι
866 2910 952 2950 noma
961 2894 1119 2964 emanere.

146 2971 176 3019 11
196 2981 245 3021 suo
262 2968 338 3022 testo
355 2983 374 3036 p
393 2968 474 3035 (teste
493 2967 535 3036 b):
560 2982 612 3021 suo
628 2966 703 3021 tosta
721 2966 747 3022 a.
821 2971 854 3019 12
873 2966 1005 3021 eaooethe
1028 2981 1120 3022 emen-

109 3037 161 3090 det
177 3035 243 3106 (Pl,
268 3037 360 3094 More.
375 3039 392 3092 l.
408 3039 454 3106 el:
532 3052 567 3092 ue
582 3038 664 3106 (eque
678 3037 706 3104 tl)
721 3036 872 3091 emendent
890 3037 946 3105 (rel.
962 3038 1000 3092 ed
1010 3036 1119 3106 priora)

109 3107 178 3176 pdb.
203 3109 208 3174 Ι
232 3106 311 3162 ululo
329 3107 410 3177 (uvis)
430 3107 489 3164 Pl:
543 3107 602 3163 iola
617 3107 681 3176 pdb
701 3106 792 3175 (Inula
811 3107 868 3177 Μ).
941 3114 976 3164 14
1004 3107 1121 3164 ovillum

107 3176 232 3232 butirum
250 3177 277 3233 ei.
350 3183 384 3234 1o
403 3181 432 3234 et
450 3177 654 3234 oibio-debet
671 3178 722 3246 qb:
742 3193 792 3233 orn.
811 3179 831 3232 d
848 3178 908 3248 (olii
924 3180 964 3235 eir
982 3179 1080 3234 eodem
1098 3194 1119 3232 r.

110 3250 247 3304 curantur.
275 3247 391 3306 Vermes
409 3254 456 3306 etr.
480 3249 590 3318 (eodem
607 3267 630 3304 r.
649 3249 781 3304 emantur
804 3251 834 3304 et
854 3249 968 3316 iubere,
996 3250 1045 3304 sed
1067 3248 1121 3304 hoo

109 3317 172 3374 vitii
194 3318 340 3389 emplastri
360 3337 453 3390 penno
476 3319 558 3375 inlini
580 3318 665 3375 debet
692 3319 785 3374 More.
803 3336 835 3389 p.
855 3322 909 3388 42).
982 3324 1016 3373 16
1034 3314 1121 3386 panni

109 3390 167 3458 (aio)
185 3405 210 3458 9.
283 3396 318 3445 20
336 3389 395 3446 invi
412 3391 543 3460 amru:
561 3389 622 3446 iani
639 3390 666 3445 d.
693 3393 697 3457 1
722 3405 794 3460 quae
813 3390 889 3445 ceria
906 3389 1017 3468 b(PlL)3
1034 3401 1121 3468 quum

108 3475 206 3516 oeresn
214 3460 264 3529 pot.
287 3465 321 3516 22
332 3463 387 3516 eta
406 3462 531 3531 positum
541 3462 557 3516 b
567 3460 660 3529 (Mes.
671 3458 741 3530 Pl.):
751 3476 802 3517 mn.
812 3461 860 3531 qd.
877 3462 881 3525 Ι
897 3457 1071 3514 ulcerasmtrt
1083 3455 1118 3526 ut

109 3529 374 3601 phagedaenam:
386 3478 525 3590 {animas
538 3547 564 3603 p,
578 3531 718 3588 iaredinee
728 3533 753 3600 b,
766 3529 957 3602 pharotidosd
970 3529 1031 3598 (ona.
1041 3527 1121 3596 ΓΜ).
