2636 3874
579 181 797 245 -46-

447 345 533 405 nardi
556 343 712 404 drachmae
731 358 799 425 1111,
822 361 939 424 myrrae
959 341 1117 404 drachmae
1137 355 1214 427 1111,

450 435 510 513 opii
533 432 689 493 drachmae
713 447 780 514 1111,
808 431 930 492 schoeni
954 431 1113 492 drachmae
1138 447 1214 516 1111,

448 523 561 600 piperis
574 521 655 608 longi
668 520 825 582 drachmae
839 535 872 601 v,
889 521 1003 600 piperis
1017 519 1076 580 albi
1095 520 1211 582 drach-

448 627 514 670 mae
527 624 559 670 v.
586 609 660 670 haec
679 627 738 670 una
751 617 892 670 teruntur
906 625 975 669 cum
989 608 1076 669 melle
1091 626 1211 688 graeco

449 697 623 777 despumato
643 697 723 776 quod
742 700 813 759 satis
832 704 886 758 est.
923 704 1059 757 servatur
1078 698 1111 758 in
1130 714 1241 759 rasos
1312 691 1313 728 ἲ

448 788 551 846 vitreo.
588 804 605 845 a
627 784 732 846 balneo
762 786 871 847 dantur
893 787 994 846 ieiuno
1020 786 1054 845 in
1076 789 1211 865 potione

449 873 538 934 mulsi
560 876 644 935 mixti
663 892 700 933 ex
717 892 793 953 aqua
816 873 910 960 calida
931 873 1090 935 drachmae
1115 873 1209 936 duae.

514 1073 555 1128 V.
578 1071 698 1128 Ventri
719 1071 915 1129 molliendo.

315 1200 420 1263 aaron.
515 1191 618 1252 Menae
642 1191 735 1252 salsae
758 1190 789 1251 id
812 1198 859 1252 est
884 1193 983 1271 pisces
1007 1190 1078 1250 salsi
1100 1195 1209 1253 ventri

448 1277 607 1341 molliendo
626 1297 695 1340 cum
714 1278 781 1339 felle
804 1281 883 1340 tauri
903 1277 1044 1341 umbilico
1068 1277 1207 1340 inbuun-

315 1377 419 1440 28,203.
448 1375 505 1428 tur.
552 1367 596 1428 lac
624 1369 779 1447 caprinum
806 1374 941 1446 potatum
972 1385 1042 1427 cum
1074 1365 1137 1427 sale
1171 1377 1254 1429 et1⁰

155 1523 158 1528 ,
360 1460 375 1493 *
447 1455 542 1516 melle.
578 1455 763 1516 ventriculus
781 1455 887 1516 suillus
908 1457 940 1515 in
957 1473 1018 1534 quo
1042 1454 1129 1515 sarda
1149 1455 1206 1516 de-

231 1544 310 1610 *(cf.
323 1547 421 1617 ao,49.)
449 1553 533 1605 cocta
555 1547 602 1606 sit.
638 1545 722 1623 porri
741 1545 862 1622 capitati
885 1543 1010 1604 discocti
1030 1559 1087 1622 per
1110 1562 1144 1603 se
1169 1546 1207 1605 in

333 1641 420 1704 anae
448 1631 514 1692 cibo
534 1641 702 1693 sumuntur.
739 1633 853 1692 urticae
868 1649 970 1692 semen
989 1639 1103 1692 tostum
1120 1650 1207 1710 pane

208 1727 419 1792 22,142.23,98.
448 1718 605 1798 colligitur.
627 1720 693 1781 lens
702 1736 764 1779 non
772 1727 914 1799 percocta
927 1717 1075 1781 sorbetur.
1099 1736 1204 1798 mpro-

447 1805 570 1867 balanus
607 1815 653 1868 est
694 1825 789 1886 genus
826 1816 963 1887 caryotae
1000 1824 1125 1868 nascens
1166 1809 1202 1868 in
1222 1823 1250 1863 1⁵
1316 1837 1317 1840 ¹

446 1896 592 1975 Aegyptoz
612 1895 687 1956 hacc
710 1914 743 1956 os
766 1889 952 1977 nonhabet,
982 1897 1050 1954 vino
1074 1903 1202 1956 austero

313 1991 418 2055 oenoe.
446 1985 566 2044 tritaet
586 1992 657 2063 pota
675 1983 772 2044 alvum
791 1985 886 2044 citat.
907 1983 946 2044 sel
964 1983 1028 2062 lupi
1047 2001 1116 2044 eum
1139 1983 1202 2044 ela·

313 2081 418 2143 23,101.
446 2073 522 2132 torio
550 2071 690 2133 umbilico
717 2070 860 2132 inlinitur.
898 2071 1023 2151 cydonia
1049 2073 1081 2131 in
1109 2071 1202 2131 melle

313 2168 418 2232 ualet.
447 2170 562 2221 servata
580 2160 673 2221 cruda
687 2159 904 2221 manducantur
922 2161 1071 2221 aieiunis.
1098 2175 1200 2239 pruna

313 2256 418 2319 23,1ao.
446 2265 463 2307 a
495 2249 596 2309 ieiuno
634 2248 772 2309 eduntur.
823 2264 977 2309 mororum
1010 2256 1201 2309 maturorum
1217 2262 1248 2303 re

252 2454 266 2503 1
287 2449 402 2525 drugme
415 2451 458 2506 cel
475 2451 553 2522 drag.
571 2453 702 2508 vocabolo
720 2453 833 2521 repetito
846 2467 949 2520 seraper
961 2467 980 2534 p
994 2452 1120 2520 (Marc),
1140 2469 1200 2520 pro

178 2533 232 2590 quo
249 2526 344 2576 notam
360 2526 379 2584 3
393 2523 477 2592 ponit
494 2523 513 2577 d
531 2523 592 2591 (oen.
611 2539 635 2589 r,
653 2522 750 2578 uncias
769 2525 803 2592 b).
865 2528 880 2576 2
900 2521 970 2577 seim
987 2523 1062 2591 yde,
1081 2523 1163 2591 scyui
1182 2521 1199 2578 h

179 2593 238 2659 (om.
259 2593 309 2661 M,
327 2596 360 2647 ut
377 2598 403 2648 et
420 2594 514 2663 epicure
532 2598 559 2648 et
570 2593 655 2664 piper
673 2595 784 2662 meon).
834 2599 852 2647 4
870 2593 934 2660 fort.
948 2607 1000 2648 scr.
1020 2609 1083 2647 eum
1101 2592 1199 2656 mellis

177 2667 224 2719 ete.
297 2667 314 2717 5
332 2663 492 2735 dispumato
511 2665 538 2720 d.
564 2666 569 2734 )
593 2681 661 2720 vaso
678 2681 709 2734 9:
728 2680 794 2720 vase
813 2664 840 2719 d.
914 2668 929 2716 ⁷
952 2663 1038 2717 mulsi
1059 2661 1142 2718 mixti
1161 2679 1198 2718 ex

178 2750 203 2788 a.
223 2751 246 2790 c.
264 2736 307 2805 pd
324 2736 358 2804 (r,
376 2735 468 2790 mulsa
485 2735 575 2790 mixta
592 2751 627 2790 ex
645 2752 670 2791 e.
690 2751 714 2793 c.
732 2736 768 2804 b).
800 2734 834 2801 ef.
856 2733 948 2789 More.
969 2749 1003 2787 ex
1021 2749 1046 2788 a.
1062 2751 1085 2790 c.
1100 2733 1146 2789 vel
1162 2750 1198 2788 ex

178 2804 268 2859 mulso
286 2805 316 2860 in
330 2806 444 2875 potione
458 2805 607 2861 dabuntur.
629 2807 633 2875 )
654 2805 749 2860 druch.
764 2825 809 2858 1111
823 2805 873 2859 aut
887 2803 974 2859 etiam
987 2803 1081 2881 minue
1091 2845 1098 2859 .
1110 2846 1133 2860 ..
1149 2803 1197 2859 M.

213 2874 255 2928 tit.
283 2875 325 2929 De
344 2878 440 2932 ventre
463 2876 617 2933 molliendo
636 2877 662 2931 d.
735 2881 751 2930 8
773 2875 858 2930 Mena
885 2874 959 2930 salsa
980 2875 1029 2944 ud.
1056 2876 1061 2943 )
1089 2875 1108 2928 i.
1127 2871 1198 2928 salsi

177 2943 268 3013 pisces
286 2946 312 3000 d.
368 2952 384 3001 9
402 2947 530 3003 inlinitur
543 2964 573 3017 9,
600 2946 760 3001 illiniuntur
782 2947 808 3002 d.
882 2950 916 3000 10
939 2946 1069 3015 potatum
1097 2945 1196 3013 (πῶς

177 3015 258 3084 potui
275 3015 358 3070 datur
374 3034 391 3072 r
409 3018 482 3084 (fort.
501 3018 635 3087 potetur).
686 3023 718 3071 11
736 3015 907 3072 ventriculus
919 3057 925 3070 .
937 3014 1065 3071 ..editur
1082 3015 1195 3083 r(oerb.

176 3085 225 3152 fio.
245 3101 295 3141 om.
314 3088 396 3142 mm
414 3089 450 3157 b).
500 3093 534 3142 12
557 3088 653 3143 ulrum
671 3087 807 3146 sistunt
826 3101 875 3141 ecc.
896 3086 941 3140 Pl.
993 3090 1027 3139 14
1045 3083 1120 3138 Lens
1138 3101 1199 3140 nou

198 3159 309 3212 erooctu
326 3159 379 3212 db:
398 3157 471 3213 Lens
488 3157 560 3212 bene
579 3159 691 3226 coctup
709 3159 766 3226 (aed
782 3157 855 3212 bene
873 3157 1062 3211 tarcacona.
1082 3155 1118 3210 ul.
1138 3159 1196 3224 m.)

177 3174 338 3300 lambetur:
357 3229 397 3283 sic
409 3228 499 3298 pdrb.
520 3230 555 3295 cf.
566 3229 612 3284 Pl.
626 3228 687 3283 lens
700 3227 808 3297 optimu
867 3243 940 3295 quae
953 3225 1075 3280 maxime
1089 3241 1197 3294 aquam

177 3299 311 3356 absorbet
321 3340 327 3353 .
339 3341 363 3354 ..
378 3299 473 3354 ulrum
492 3298 618 3355 sistit...
634 3298 772 3369 discocta,
794 3297 894 3354 eadem
916 3295 1002 3352 solvit
1018 3295 1112 3350 minus
1131 3311 1196 3366 per·

177 3371 257 3426 cocta
275 3372 320 3441 (cf.
333 3370 414 3438 infra
428 3385 448 3424 c.
461 3372 496 3439 6).
570 3375 603 3426 to
622 3369 727 3425 austeri
744 3385 769 3440 p.
839 3373 871 3423 17
890 3369 960 3439 potu
975 3367 1028 3436 qb,
1047 3367 1148 3436 potatu
1166 3367 1195 3422 d.

181 3441 318 3512 )elatorio
331 3444 358 3499 d.
397 3446 430 3496 18
450 3439 569 3510 cydonia
582 3454 612 3510 9:
632 3440 749 3496 cidonea
762 3441 781 3496 d
795 3441 831 3507 (et
843 3440 884 3494 eie
897 3439 1017 3507 semper).
1055 3441 1090 3491 20
1106 3436 1196 3492 eduu-

177 3513 236 3566 tur:
255 3513 460 3569 manducantur
477 3512 576 3566 iterum
594 3511 620 3565 d.
