2654 3878
17 1802 19 1851 l

592 97 811 164 ..53-

343 271 468 333 30‚64..
515 306 521 320 .
567 306 574 320 .
622 306 628 320 .
675 307 681 320 .
728 305 734 319 .
798 259 955 322 defunctos
974 258 1062 320 obrui
1080 266 1214 338 oportet,

344 359 432 422 30‚64.
460 345 679 428 vespertilionis
688 349 831 427 sanguine
847 343 916 428 <si>
930 355 1035 409 venter
1044 355 1210 430 contactus,

460 438 491 498 in
505 444 602 498 totum
615 453 727 498 annum
740 443 882 498 caventur
891 438 962 499 vitia
975 439 1210 511 interaneorum.

327 535 432 601 tatu.
460 543 571 587 cornus
590 527 703 587 cervini
720 527 817 586 teneri
835 527 911 585 cinis
929 543 999 587 oum
1017 523 1126 586 cocleis
1141 526 1212 586 alri-

461 615 543 675 oanis
566 633 635 675 cum
657 622 734 676 testa
757 633 810 675 sua
832 615 909 675 tusis
931 615 1042 675 mixtus
1065 613 1156 674 datur
1179 616 1243 675 in⁵

371 706 387 740 *
458 704 579 781 potione
603 705 672 765 vini.
707 702 778 763 lacit
805 704 915 782 optime
939 702 975 763 ad
1003 701 1103 762 colum
1124 705 1210 782 potio

459 793 545 852 ouius
577 793 823 872 compositionem
853 789 1029 852 tradidimus
1060 792 1092 851 in
1121 809 1209 870 prae-

265 925 393 979 2vanter
407 926 552 980 contaetus
564 941 595 995 9,
608 928 707 981 venter
724 925 818 980 tectim
835 926 867 980 d:
896 926 1025 982 contacto
1043 927 1142 982 venire
1164 926 1211 983 Pl.

192 993 304 1065 (addidi
317 994 360 1064 si).
410 995 551 1052 tcervini
563 996 615 1066 pb:
635 996 711 1051 cervi
724 997 750 1052 d.
768 999 771 1065 Ι
791 998 857 1052 hacc
870 997 927 1053 coto
941 997 1081 1052 medeatur
1094 1013 1145 1053 ece.
1163 998 1211 1052 Pt.

229 1072 245 1122 6
264 1065 344 1136 potio
363 1065 400 1121 ad
419 1066 512 1122 colum
529 1068 556 1123 d.

330 1309 422 1372 20,109
459 1304 541 1362 etad
569 1305 682 1380 cyathos
709 1304 778 1361 duos
805 1306 883 1380 potui
909 1304 999 1361 datur.
1035 1303 1111 1360 radix
1133 1305 1211 1361 simi·

203 1379 422 1450 (MW0·P·1⁷3)·
459 1389 523 1446 liter
544 1391 666 1465 asparagi
688 1390 751 1446 trita
775 1397 802 1446 et
824 1391 852 1445 in
874 1391 936 1446 vino
959 1390 1038 1463 potui
1059 1388 1121 1444 data
1139 1387 1212 1444 lum·

458 1473 555 1530 horum
578 1473 666 1531 dolori
682 1473 822 1543 medetur.
858 1468 1033 1551 [cataplasma
1047 1471 1080 1529 ad
1103 1467 1255 1550 idem:]10

321 1563 421 1633 tulto.
458 1561 623 1616 nasturtium
651 1574 711 1616 cum
739 1557 849 1631 polenta
876 1557 990 1628 teritur,
1020 1555 1136 1614 calidum
1160 1558 1212 1613 im·

310 1638 379 1712 *(t)
458 1645 579 1717 ponitur.
617 1641 720 1699 leculae
743 1641 834 1698 viridis
862 1641 927 1698 lolia
955 1643 1018 1698 trita
1040 1649 1068 1697 et
1095 1642 1124 1697 in
1147 1642 1211 1698 vino

345 1731 421 1792 29‚32
460 1728 542 1783 mixta
564 1733 592 1783 et
613 1727 738 1800 imposita
759 1723 871 1783 mirifice
890 1734 995 1784 sanant.
1032 1724 1093 1782 lana
1115 1724 1213 1783 sucida

201 1800 343 1871 (Mari-1)-
355 1805 424 1872 1⁵11).
460 1811 488 1866 in
511 1810 572 1867 oleo
595 1811 654 1884 pice
676 1809 778 1884 liquida
793 1810 925 1886 sulphure
946 1811 1006 1866 vivo
1029 1809 1101 1865 nitro
1124 1810 1216 1866 attico

458 1893 612 1951 fervefactis
627 1895 740 1950 intincta
763 1911 843 1968 quam
859 1893 917 1950 fieri
939 1901 1031 1968 potest
1046 1892 1211 1952 calidissima
1226 1895 1252 1937 1⁵

320 1981 423 2050 auita.
459 1977 550 2035 bisin
579 1979 622 2035 die
644 1980 764 2052 ponitur.
801 1978 918 2053 sulphur
943 1980 1031 2034 vivum
1058 1979 1211 2052 imponitur

458 2079 520 2120 cum
542 2063 630 2137 adipe.

531 2194 736 2268 (Renibus.)

322 2293 423 2357 mit.
522 2289 605 2346 Radix
624 2281 733 2347 feniculi
748 2306 809 2347 cum
826 2289 910 2346 tisana
926 2288 1037 2346 decocta
1052 2295 1081 2344 et
1101 2289 1130 2346 in
1145 2287 1207 2345 cibo

459 2372 521 2430 data
536 2389 631 2429 renum
647 2373 794 2430 densitates
809 2373 925 2446 relaxat,
947 2381 976 2430 et
998 2371 1117 2430 dusdem
1137 2373 1209 2430 radi·

460 2458 498 2514 cis
522 2473 603 2514 sucus
619 2457 652 2514 ad
674 2458 787 2532 cyathos
810 2459 880 2515 duos
895 2457 924 2515 in
945 2458 1007 2514 vinc
1024 2458 1104 2531 potui
1126 2456 1208 2514 datus
1222 2463 1250 2503 ²⁰

309 2536 381 2611 *(‘?)
460 2540 619 2598 mirabiliter
644 2543 707 2598 vitia
733 2551 819 2600 sanat.
863 2543 966 2600 urticae
993 2557 1086 2598 semen
1112 2542 1209 2598 tritum

190 2617 357 2753 tyndareo.
368 2623 423 2674 1⁷81
460 2643 493 2684 er
514 2627 568 2682 vini
591 2628 695 2700 cyathis
717 2626 804 2686 tribus
826 2626 937 2686 bibitur.
974 2627 1125 2682 vettonicae
1147 2625 1209 2700 pul·

223 2686 424 2756 R·2⁶²3²·4⁸·)
460 2712 530 2768 veris
542 2710 645 2768 denarii
660 2710 715 2768 duo
727 2729 760 2770 ex
769 2711 874 2770 mulsae
883 2711 988 2786 cyathis
997 2708 1085 2766 tribus
1101 2708 1208 2768 lebrici·

331 2801 423 2863 20,109
461 2795 579 2853 tontibus
594 2813 655 2854 cum
671 2813 741 2872 aqua
763 2795 846 2854 calida
862 2796 1052 2870 propinantur.
1081 2794 1209 2870 asparagi

206 2869 344 2940 (Mdrssdb
355 2873 424 2939 1¹19).
459 2880 536 2938 radix
559 2882 656 2938 teritur
671 2890 699 2938 et
721 2895 799 2939 exea
821 2880 923 2937 deoami
945 2887 1001 2936 tres
1023 2894 1055 2936 er
1070 2880 1125 2936 viui
1146 2895 1207 2952 cya-
1221 2879 1250 2920 2⁵

192 2953 333 3027 (Merop.
347 2957 424 3023 llll?
460 2964 516 3023 this
539 2963 627 3022 trihus
641 2968 719 3040 potui
742 2965 841 3024 dantur
862 2962 996 3039 proficue.
1031 2964 1110 3020 ocimi
1124 2979 1208 3020 sucus

459 3051 567 3124 saepius
590 3048 691 3107 hibitus
712 3066 808 3108 renum
831 3051 894 3105 vitia
916 3047 1041 3105 emendat
1068 3087 1206 3106 .....

249 3167 281 3216 11
302 3160 439 3218 calidum:
465 3179 499 3218 ex
517 3164 597 3219 aceto
616 3163 708 3220 calido
728 3163 767 3218 M
787 3165 861 3232 (cum
879 3161 996 3232 polonia
1013 3177 1047 3216 ex
1065 3161 1147 3216 aceto
1166 3158 1207 3216 in·

192 3230 293 3289 linitur
312 3233 378 3304 Pa).
456 3238 489 3288 15
508 3233 679 3290 ferventibus
696 3234 741 3290 his
760 3235 798 3290 M
818 3231 1049 3304 (fervescentibus
1069 3230 1135 3302 rt).

193 3310 229 3360 19
252 3321 333 3363 renea
355 3323 375 3377 p
429 3306 460 3362 at
483 3305 528 3362 Pl.
555 3305 590 3374 cf.
616 3307 706 3362 Mart.
728 3323 751 3362 a.
775 3310 822 3362 25:
850 3304 932 3360 radix
953 3303 984 3360 in
1005 3301 1119 3374 ptisana
1140 3301 1209 3358 data

193 3376 272 3434 lexat
290 3394 389 3434 renum
427 3376 584 3434 casitatem.
656 3384 689 3434 22
728 3375 845 3435 uiveris:
863 3375 950 3434 tritae
969 3375 1013 3431 M.
1085 3379 1120 3430 26
1140 3389 1167 3430 0.
1185 3391 1207 3430 s.

192 3446 224 3502 in
237 3449 305 3505 meti
322 3449 436 3522 granati
448 3449 581 3508 corticem
594 3449 672 3507 luam
718 3491 726 3507 .
