2636 3874
497 162 716 226 „15-

100 327 302 404 viperinarum
321 327 422 385 cinere
442 343 553 403 sparso.
581 327 761 386 nasturtium
780 343 848 384 cum
876 339 980 400 eolre.

97 416 201 492 sinape
220 415 327 474 tritum
348 415 520 492 impositum
539 414 684 473 emendat.
717 412 848 492 cydonea
876 426 982 488 nendi:

97 510 185 562 cocta
207 520 245 561 ex
268 503 335 562 vino
359 509 388 561 et
416 519 485 561 cum
508 520 576 561 cera
603 503 673 562 trita
694 502 778 562 inlita
801 521 846 562 ca·

96 589 187 669 pillos
205 583 377 650 restituunt.
415 588 530 650 roboris
549 589 656 668 pilulae
675 608 743 650 cum
762 590 846 670 adipe
875 600 962 665 eene.

71 694 83 732 5
98 679 205 738 ursina
218 679 305 738 tritae
320 678 487 738 emendant.
515 677 629 756 glandis
644 677 757 756 saginae
772 680 847 738 cinis
876 690 962 752 24,14.
982 684 998 717 *

98 785 169 826 cum
196 765 284 826 melle
311 773 341 826 et
368 765 433 826 oleo
457 768 558 845 cyprio
586 766 730 826 inlinitur.
772 767 847 824 cinis
875 778 979 841 nepos.

98 853 279 933 ungularum
301 853 374 914 muli
397 854 443 914 vel
460 854 557 914 mulae
581 872 617 914 ex
636 854 701 914 oleo
724 862 848 934 myrteo,
870 911 871 914 ,
909 858 946 912 ib.

98 944 176 1002 cinis
200 944 329 1003 murium
351 943 529 1024 impressus,
553 944 627 1002 cinis
649 943 778 1002 erinacei
800 960 845 1002 re·
875 955 979 1018 nepot.

99 1049 172 1090 cens
200 1049 269 1090 cum
298 1033 364 1110 pice
396 1031 516 1109 liquida.
561 1031 713 1109 gallinacei
740 1048 849 1114 recens
874 1043 979 1105 29,109.

59 1136 84 1174 ro
98 1120 203 1179 limum
230 1117 391 1180 inlinitur.¹
417 1119 575 1180 sandaraca
599 1137 634 1179 ex
658 1126 750 1179 aceto.
791 1119 845 1178 llu-
874 1124 1121 1195 enuntiando.)

99 1214 200 1268 entem
213 1207 352 1286 capillum
366 1209 499 1269 continet
516 1207 668 1286 leporinus
688 1209 763 1268 cinis
777 1225 847 1268 curn
1051 1213 1066 1248 *

99 1295 164 1355 oleo
191 1303 315 1374 myrteo.
356 1295 395 1355 lel
428 1298 580 1356 taurinum
611 1312 680 1356 eum
711 1297 845 1374 aegyptio
874 1307 978 1370 nureo.

100 1382 229 1444 alumine
251 1384 432 1462 tepefactum
454 1384 598 1444 inlinitur,

164 1565 205 1622 V.
229 1565 369 1634 capulis
391 1564 620 1634 denigrennis.

164 1683 269 1768 Potest
281 1683 376 1744 videri
389 1701 608 1762 supervacuum
620 1687 702 1744 inter
715 1684 846 1745 remedia

57 1789 83 1826 15
98 1773 233 1851 corporis
255 1790 368 1851 ponere
387 1790 422 1832 ea
441 1790 515 1852 quae
535 1773 571 1833 ad
594 1772 732 1833 decorem
754 1775 845 1851 perti-

97 1867 179 1920 nent.
215 1859 268 1920 sed
292 1859 435 1940 quosdam
453 1860 545 1940 pudet
564 1869 615 1922 aut
635 1863 716 1940 ipsos
735 1861 845 1922 rubeos

97 1966 178 2028 esse,
210 1956 262 2009 aut
289 1951 438 2010 intantum
464 1948 598 2010 luxuriae
626 1948 782 2028 indulgent
811 1957 845 2009 ut

97 2035 220 2097 deliciae
248 2055 354 2098 eorum
380 2039 460 2098 inter
487 2055 519 2096 se
547 2038 723 2097 dissentiant
744 2037 844 2096 voleu-

97 2126 174 2184 tium
196 2127 227 2184 in
249 2127 352 2205 pueris
380 2125 464 2184 rufos
487 2124 622 2206 capillos,
649 2125 681 2184 in
703 2125 775 2184 viris
798 2142 843 2183 re-

58 2228 83 2268 so
97 2215 276 2274 cusantium.

169 2371 185 2418 1
203 2364 392 2436 viperinarum
412 2365 467 2431 Pu,
489 2364 649 2434 viperarum
666 2365 702 2418 rb
717 2366 788 2434 (M):
816 2365 995 2435 vulpinarum
1017 2365 1110 2434 pdbm.

96 2435 230 2504 canape
247 2436 300 2506 φάε
329 2434 420 2506 sinapi
437 2435 482 2492 cd.
564 2439 642 2489 2-5
666 2435 982 2506 cydonia-emendant
1008 2451 1059 2491 om.
1083 2437 1109 2491 d.

132 2506 294 2577 neydonee
310 2523 340 2576 p:
374 2505 493 2575 cydonia
515 2504 531 2560 b
550 2504 664 2574 (citoma
685 2509 720 2576 r).
786 2513 802 2560 8
827 2522 890 2561 cum
912 2522 963 2562 om.
986 2524 1012 2576 p.
1042 2507 1046 2574 Ι
1080 2509 1110 2561 et

95 2575 171 2632 illita
188 2576 239 2632 db.
310 2576 442 2660 nurnine
458 2594 489 2646 p:
507 2592 555 2631 ·no
574 2576 692 2646 unffi.)
766 2577 862 2661 doleo
881 2577 996 2648 cyprino
1015 2577 1065 2644 (ric
1082 2581 1109 2645 d,

96 2663 200 2772 {liii
217 2648 378 2787 {cellit
387 2648 451 2787 tlt
462 2647 1109 2800 {teillliu⁶·lntldi:rdli2⁶cn

96 2806 162 2859 ung.
177 2794 224 2843 etc.
238 2806 262 2857 r,
280 2806 357 2860 quem
375 2805 426 2844 oon.
444 2789 486 2858 yd
500 2790 556 2857 (M,
579 2789 628 2844 ubi
649 2788 777 2844 mlinitur
799 2788 869 2844 cinis
881 2787 1108 2859 ungularum...).

133 2858 387 2916 imulivelmulae
400 2877 418 2930 p
432 2860 545 2929 (Maru,
557 2859 626 2928 Pl.):
640 2859 716 2916 mule
725 2860 772 2915 vel
784 2858 855 2914 muli
868 2860 936 2916 driu
954 2863 957 2929 Ι
974 2862 1083 2930 myrteo
1091 2877 1110 2930 p

97 2930 179 3001 (Pl.)=
205 2929 322 2986 mittino‘
337 2933 369 2999 d,
387 2930 510 3000 myrtino
528 2930 574 2986 rb.
647 2936 663 2986 8
681 2931 818 2986 muricum
836 2947 949 3001 sparsus
966 2932 1011 2987 rb.
1044 2931 1110 2986 daec

94 3007 157 3070 poet
174 3001 312 3057 lerioacei
330 3003 383 3086 “il
397 3003 477 3056 habet
494 3003 521 3057 d.
544 3003 548 3070 Ι
573 3000 689 3057 erinacii
702 3018 733 3072 p,
751 3000 893 3056 herinacei
910 3002 937 3057 d.
992 3009 1008 3056 9
1027 3000 1110 3072 gelli-

96 3071 268 3226 ffial'l.
284 3073 802 3226 5¹²i⁰ddlidli⁰fillllrlliaa
818 3073 1109 3227 iliplensis

97 3213 215 3284 capillos
233 3215 359 3284 conoegrt
376 3215 421 3270 rb.
453 3215 498 3270 lo'c
515 3215 586 3269 mole
602 3215 796 3283 distiopuendo
819 3219 921 3270 movet
938 3219 1108 3284 epttmoaton

96 3285 230 3410 fficio.
246 3290 343 3411 28,1t}6
366 3286 440 3411 ῗίὶηι
457 3286 527 3368 mole
545 3285 1012 3411 mifflmiibm'impiiilw'
1032 3283 1107 3406 'sall-

130 3428 174 3484 te,
193 3426 236 3480 De
255 3371 369 3496 ddplillid
384 3358 612 3497 deriffrldlidid'p,
635 3359 1076 3508 Adpctdrplilldsrddnipldneolndl
1101 3393 1107 3406 ⁶

97 3503 130 3552 16
140 3515 162 3554 r.
176 3496 266 3567 pudet
278 3498 415 3567 quosdam
424 3499 450 3554 d.
490 3503 522 3552 18
536 3496 713 3552 intersedrsse
723 3495 880 3552 sentianld.
901 3498 905 3560 1
930 3490 1107 3547 volendumd.
