2640 3884
528 178 769 242 -155—

146 341 269 404 auribus
291 343 352 403 sive
371 339 493 402 naribus
512 357 580 401 oum
596 347 682 420 parte
699 345 788 404 tertia
807 343 903 406 mellis
926 346 1052 406 introsus.

145 432 186 492 ita
212 431 293 492 idem
319 428 489 492 lumborum
511 429 630 489 dolores
660 447 698 491 ex
725 433 793 493 rino
816 434 951 495 mitiores
974 433 1052 494 iacit.
1079 460 1081 464 ’

144 521 319 599 sanguinem
341 516 563 598 excreantibus,
592 515 742 601 pthisiois,
769 523 858 582 etiam
881 521 1052 583 destillatio·

144 606 233 668 nibus
251 607 460 668 vetustissimis
479 604 526 666 vel
544 623 582 667 er
598 607 664 685 ipso
677 605 768 670 cibus
787 610 946 672 utilissime
964 609 1052 670 datur

118 695 190 756 svel
221 713 314 756 sucus
346 697 377 755 in
408 696 528 775 potione
561 695 713 755 miscetur.
756 699 788 756 in
816 698 883 760 cibo
915 706 1052 778 sumptus
1099 763 1103 768 ,

143 783 307 863 plurimum
330 791 414 843 estur
436 789 541 844 contra
564 799 676 842 venena
698 782 868 864 fungorum.
906 787 1052 847 fracturas

143 871 256 953 alligat,
290 871 414 932 duritias
441 869 566 951 relaxat,
593 870 716 931 vulnera
744 877 877 936 recentia
901 893 970 935 cum
993 873 1053 934 sale

144 960 298 1039 adpositus
316 961 415 1020 statim
433 957 556 1040 claudit,
574 958 735 1020 ebrietates
754 961 890 1043 discutit,
913 979 1053 1023 venerem

144 1047 288 1129 stimrdat,
311 1049 391 1108 sitim
410 1046 506 1129 sedat,
529 1053 663 1110 ventrem
682 1047 785 1110 mollit.
813 1068 917 1111 rocem
936 1050 1054 1112 adiuvat

108 1153 132 1193 to
145 1136 342 1216 adstipulante
361 1134 479 1196 Nerone
503 1137 555 1214 qui
577 1153 668 1215 porro
685 1135 791 1199 debuit
814 1141 952 1219 quotiens
974 1131 1151 1256 hemeg’fge'

143 1226 281 1286 cantavit.
1090 1245 1097 1272 ν
1154 1243 1161 1254 ·

208 1309 371 1394 <Capitate
400 1329 491 1392 porro
518 1313 549 1373 in
573 1329 608 1372 eo
635 1312 716 1390 quod
739 1321 901 1376 extenuare
931 1313 1054 1393 quidem

142 1400 261 1463 ridetur
284 1400 411 1462 calorata
428 1403 473 1461 vis
496 1400 643 1480 creditur,
664 1400 719 1460 sed
740 1401 869 1464 admixta
887 1410 935 1462 est
957 1402 1000 1461 illi
1022 1409 1053 1462 ct

142 1491 269 1551 acrioris
307 1497 338 1550 et
377 1487 472 1552 umidi
508 1487 642 1568 qualitas.
697 1487 825 1568 ideoque
863 1488 1053 1550 Dioscorides
1085 1482 1123 1536 D·

109 1575 214 1639 rehacc
236 1581 271 1639 iu
290 1597 326 1639 eo
346 1579 417 1639 vitia
438 1583 597 1656 percenset
619 1577 700 1655 quod
722 1576 891 1638 inflationes
909 1576 1054 1638 stomachi
1063 1558 1152 1623 ΨΒ·

144 1669 268 1748 excitet,
303 1684 393 1728 sucos
424 1665 546 1726 inutiles
577 1671 714 1746 generet,
746 1666 875 1727 vesicam
907 1664 1053 1746 vulneret,

144 1755 285 1835 caligines
312 1756 446 1816 incutiat.
482 1761 571 1833 atque
593 1753 662 1814 ideo
684 1753 821 1834 llegrnate
849 1752 1053 1815 laborantibus

143 1843 260 1905 modice
274 1843 375 1924 datur,
388 1841 457 1902 telle
471 1848 571 1904 autem
584 1859 709 1923 prorsus
728 1841 936 1922 denegandum
949 1842 1053 1903 rectis-

144 1933 216 1993 sime
234 1931 366 1994 Galeuus
385 1932 544 1992 existimat.
576 1931 646 1992 vitia
663 1932 729 1991 eius
746 1930 820 1991 haec
836 1931 929 1992 ferme
945 1930 1044 1991 riden-
1055 1932 1162 1990 duim

109 2149 134 2189 ²⁰
207 2145 312 2202 Porrus
334 2145 423 2200 minus
446 2140 554 2216 quidem
570 2141 708 2213 caleiaeit,
730 2141 835 2196 urinam
858 2149 949 2196 tamen
964 2145 1055 2195 moret
1074 2136 1130 2203 (60)

146 2235 173 2285 et
194 2229 328 2304 egeritur.
365 2225 447 2284 habet
460 2227 542 2283 etiam
564 2231 667 2300 partem
690 2225 894 2299 purgatoriam:
916 2223 1056 2281 humectat

146 2313 226 2373 enlm.
268 2310 449 2370 carbunculos
476 2317 553 2367 curat
583 2316 614 2366 et
645 2309 827 2366 stomachum.
876 2314 940 2382 port
969 2305 1057 2365 elbum

34 2445 37 2452 .
148 2395 321 2472 accipiendus
336 2403 389 2453 est.
418 2395 499 2453 tritus
520 2409 582 2451 cum
598 2393 678 2450 mede
692 2393 805 2451 vulnera
820 2391 929 2450 sordida
944 2397 1057 2466 purgat.

210 2479 319 2538 sectilis
351 2495 452 2554 porrus
484 2481 513 2535 ln
541 2476 601 2536 cibo
629 2487 757 2552 sumptus
785 2492 879 2535 rocem
914 2482 1056 2550 expurgat.
1075 2480 1132 2547 (61)

111 2571 135 2612 ²⁵
148 2579 228 2624 sucus
251 2563 381 2631 loliorum
403 2565 461 2620 elus
483 2579 546 2620 cum
568 2578 681 2620 rosaceo
703 2561 816 2619 vulnera
837 2561 943 2617 aurium
964 2564 993 2616 et
1015 2565 1059 2613 tu·

148 2664 237 2706 morus
264 2649 323 2705 siue
349 2663 526 2722 percussuras
555 2653 642 2704 curat.
685 2659 769 2702 sucus
796 2646 855 2701 eius
881 2657 943 2700 cum
971 2639 1058 2716 gallae

210 2865 371 2936 ambuleio
389 2866 413 2921 l:
427 2863 537 2935 pta'sicis
549 2879 596 2934 po.
612 2865 617 2928 1
633 2858 866 2916 distillationibus
877 2857 1025 2929 (παφα)
1039 2857 1165 2941 pollrb).

184 2936 366 2993 tutiliasinue
384 2935 468 2991 datur
484 2936 552 3005 gol:
571 2933 649 2988 utilia
667 2932 793 2987 sumetur
810 2932 856 2986 rb.
910 2935 1028 2986 brucus
1051 2947 1082 2984 m
1099 2928 1165 2998 pul:

150 3023 230 3064 sucus
247 3007 308 3091 eius
325 3007 356 3090 ip
373 3008 419 3063 rb.
436 3009 441 3076 Ι
461 3006 601 3062 miscetur.
629 3004 663 3058 In
681 3003 752 3108 cibo·
763 3021 785 3057 s.
802 3003 890 3072 poto:
918 3000 1061 3057 misectur.
1087 2999 1167 3125 {dem

149 3093 300 3206 run
313 3079 510 3220 eust
528 3072 1045 3227 <eductecum

150 3217 304 3303 stipulante
321 3237 351 3275 u:
369 3219 543 3302 astipulante
552 3216 662 3288 gibbi.
677 3218 683 3284 Ι
699 3215 772 3298 quel
786 3214 813 3283 (b
820 3217 862 3285 ul:
881 3229 955 3284 quse
967 3211 1083 3336 goul}
1100 3209 1166 3276 fort.

152 3305 213 3357 qum
229 3291 233 3357 Ι
249 3309 299 3361 qur
315 3306 430 3360 porrum
448 3288 557 3345 delubri
569 3288 587 3343 l.
632 3291 666 3342 ti
679 3285 907 3340 Addstomerrttm
923 3300 958 3339 eu
971 3283 1029 3338 cod.
1070 3279 1167 3335 ‚Gau

153 3363 202 3414 tut
219 3362 340 3444 interced
358 3371 393 3421 11,
409 3363 480 3431 129).
502 3363 515 3444 l·
532 3356 674 3442 capitatus
695 3372 793 3426 porrus
815 3356 899 3438 cod]
918 3352 1040 3423 quedam
1060 3349 1168 3475 meus

154 3430 341 3566 armoe.
358 3437 375 3573 1¹
378 3433 479 3559 {effic}
491 3445 576 3570 ‘iffi
584 3428 723 3568 ῗιξῗαὲἷα
717 3432 812 3554 c'oe.¹⁰
826 3427 1131 3552 bidia'lbiflb.
