2640 3884
490 181 732 244 -163-

102 346 135 403 in
159 361 192 404 se
216 345 305 404 etiam
328 342 479 404 molliendi
504 350 695 426 potestatem,
723 347 749 405 si
776 347 890 424 graecis
913 356 1013 409 arrcto-
1031 350 1101 408 obt?

101 431 189 492 ribus
223 431 373 493 credimus
411 435 500 493 etiam
532 432 697 494 nutriendi:
734 435 849 496 nullum
884 436 1013 515 denique

101 520 283 581 athletarum
304 520 403 582 cibum
422 523 486 581 sine
506 521 613 583 anetho
632 540 698 598 esse
717 527 879 604 patiuntur.
911 543 1013 604 aegro·

101 608 237 670 tontibus
263 610 387 689 prodest
418 617 497 672 cum¹
519 629 555 671 ex
583 611 648 672 oleo
680 613 861 692 tepefactum
888 612 1012 674 cerebro

73 697 280 760 ainlunditur.
322 700 455 760 creditur
482 699 552 760 dare
579 699 636 760 illis
659 699 772 780 aliquas
794 709 825 762 et
853 701 945 762 febris
968 705 1012 763 in-

101 787 216 869 dutias,
247 789 361 870 mitigat
392 789 496 868 capitis
524 788 655 870 dolores,
686 807 847 851 nervorum
874 797 1012 852 tensuras

100 875 230 957 relaxat,
263 895 324 936 non
357 877 538 938 dormientes
571 877 606 938 ad
639 896 723 958 spem
756 880 864 958 quietis
900 881 1012 940 invitat.

101 964 250 1042 stomachi
277 965 414 1045 querelas
442 973 561 1027 coctum
587 969 619 1028 in
647 985 739 1046 aquae
771 967 883 1050 cyathis
915 967 1013 1029 tribus

100 1061 209 1133 potum
232 1056 309 1114 miro
331 1054 418 1115 modo
447 1055 571 1116 relevat:
603 1063 708 1116 ructus
735 1056 845 1117 indicio
873 1066 931 1138 est,
958 1075 1013 1137 per

61 1159 85 1196 ιο
102 1161 196 1222 quem
227 1142 400 1222 intellegere
428 1143 515 1204 datur
548 1152 649 1224 aperta
676 1148 775 1206 omnia
807 1163 881 1225 quae
914 1145 1013 1207 clausa

102 1231 292 1310 torquebant.
330 1233 510 1312 digestiones
534 1233 664 1294 adiuvat:
686 1234 753 1295 ideo
776 1242 911 1296 ventrem
934 1235 1012 1295 vide-

101 1331 154 1382 tur
182 1319 327 1382 inhibere.
364 1323 514 1382 intestinis
541 1321 744 1385 laborantibus
768 1331 798 1384 et
827 1325 939 1384 ventris
962 1323 1012 1383 do-

101 1408 162 1469 lori
183 1408 230 1471 vel
253 1429 290 1470 ex
313 1428 389 1489 aqua
411 1409 514 1471 datum
536 1412 566 1470 in
585 1413 705 1490 potione
729 1414 888 1472 succurrit.
925 1413 1012 1472 tritae

102 1497 220 1559 radices
244 1505 274 1559 et
303 1501 448 1580 inpositae
477 1498 644 1560 fervoribus
667 1499 825 1561 medentur
848 1499 1013 1561 oculorum.

61 1602 86 1642 15
104 1589 181 1647 cinis
205 1588 270 1648 eius
297 1587 453 1668 suspendit
476 1605 563 1648 uvam
585 1586 722 1649 saucibus
748 1591 1012 1668 ingravescentem.
1076 1650 1078 1654 ,

103 1675 240 1737 radicum
267 1677 364 1738 acrior
392 1679 467 1738 cinis
495 1685 554 1757 est,
582 1677 655 1738 adeo
683 1685 717 1738 ut
744 1684 889 1738 curentur
917 1695 953 1737 ex
977 1695 1012 1736 eo

104 1772 136 1826 et
154 1783 224 1826 caro
243 1783 384 1828 crescens
403 1773 434 1827 et
456 1765 609 1826 sordidum
623 1765 729 1827 vulnus
749 1774 779 1829 et
797 1784 872 1846 quae
891 1783 1012 1846 serpere

104 1855 261 1932 incipiunt.
298 1872 401 1916 semen
428 1854 622 1916 lervelactum
652 1854 863 1935 admotumque
891 1853 1013 1915 naribus

105 1941 262 2020 singultire
285 1961 345 2003 non
367 1944 488 2022 patitur.

63 2209 90 2248 oo
170 2192 287 2247 Anetum
302 2191 424 2249 ealefacit
438 2200 467 2248 et
480 2193 631 2267 restringit.
658 2191 785 2265 prohibet
800 2197 1013 2247 sternutamenta
1032 2197 1088 2264 (38)

104 2274 217 2332 naribus
240 2277 405 2350 oppositum.
443 2275 580 2333 deiectum
608 2275 741 2332 stomachi
765 2269 886 2352 [curat]‚
915 2277 1012 2349 capitis

104 2360 228 2417 dolorem
251 2368 279 2418 et
300 2362 447 2434 vertigines
463 2353 581 2439 [sedat].
618 2361 647 2417 in
668 2376 737 2436 aqua
758 2367 868 2418 coetum
889 2367 1011 2435 potatum

103 2443 304 2520 indigestiones
320 2453 347 2502 et
362 2462 440 2503 acres
455 2452 550 2502 ructus
566 2444 648 2502 tollit.
678 2445 706 2500 in
724 2445 786 2503 oleo
802 2452 910 2519 coetum
925 2447 1013 2518 capite

103 2529 138 2586 de
154 2529 252 2586 eodem
268 2539 351 2587 uncto
365 2547 492 2588 somnum
507 2529 580 2588 iacit.
609 2547 703 2588 semen
717 2532 777 2588 eius
791 2547 823 2588 ex
839 2530 901 2586 vino
915 2537 1012 2602 potunt

63 2615 238 2671 retentiones
261 2616 362 2672 ventris
385 2623 413 2672 et
435 2615 627 2672 intestinorum
649 2615 731 2676 tollit.

175 2893 192 2943 3
210 2887 413 2959 Agrotantibns
430 2903 457 3012 p.
511 2893 529 2941 4
547 2903 582 2942 ex
598 2888 665 2956 pol:
683 2902 733 2942 om.
747 2887 793 2941 rb.
810 2886 815 2954 Ι
831 2884 944 2940 cerebro
962 2882 1121 2948 infunditur

101 2960 170 3029 poi:
190 2976 223 3016 ac
242 2959 338 3015 crebro
357 2961 431 3030 (cere
451 2974 482 3012 ro
494 2959 552 3028 brt
566 2957 689 3012 inlusum
702 2959 746 3014 rb.
797 2955 952 3011 deraditur
970 2956 1045 3012 enim
1063 2958 1121 3013 illio

102 3031 170 3086 dare
188 3048 213 3086 a.
233 3031 277 3086 rb.
299 3030 303 3101 Ι
323 3032 354 3086 et
370 3021 456 3085 febris
473 3045 524 3099 po,
547 3028 633 3084 febris
657 3029 717 3097 (om.
737 3031 776 3099 et)
795 3029 817 3082 i:
841 3044 876 3083 ex
893 3027 971 3083 febre
989 3029 1032 3084 rb.
1055 3028 1059 3099 Ι
1079 3029 1121 3084 in·

102 3101 201 3158 ducias
218 3103 283 3171 να).
340 3108 356 3157 6
374 3099 490 3170 mitigas
509 3101 569 3170 (oie)
586 3117 613 3170 p.
669 3097 867 3156 'tdormientis
884 3115 902 3169 9
921 3101 986 3167 (tes
1004 3103 1083 3170 opt).

101 3179 118 3228 9
137 3173 222 3229 modo
239 3172 311 3228 miro
321 3173 340 3228 i.
360 3174 365 3241 1
388 3171 496 3226 relevat
512 3173 544 3226 ol
553 3171 613 3239 (rb,
628 3171 701 3226 solet
713 3171 854 3241 depellere
868 3170 950 3240 Odo):
972 3171 1081 3227 revelat
1093 3187 1119 3241 p.

100 3243 230 3371 Lindicio
248 3246 291 3300 est
308 3246 403 3299 ructus
416 3243 461 3298 rb.
516 3249 551 3297 to
568 3242 733 3313 intellegere
752 3243 834 3297 detur
845 3243 959 3313 poam:
978 3242 1062 3296 datur
1080 3241 1121 3294 in-

130 3315 196 3386 lligi
213 3332 230 3370 r
247 3317 292 3385 (cf.
312 3332 334 3372 c.
349 3317 403 3384 2⁶).
419 3315 424 3382 Ι
441 3312 548 3368 omnia:
567 3315 602 3382 cf.
619 3313 678 3370 Octo
697 3315 738 3383 (os
752 3313 908 3384 stomachi).
956 3319 988 3366 11
1008 3311 1123 3394 videtur

101 3390 229 3444 ventrem
247 3388 266 3443 i.
320 3392 355 3441 12
374 3387 404 3442 et
420 3385 527 3441 ventris
548 3384 640 3440 dolori
661 3387 727 3455 pol:
755 3387 785 3441 et
806 3385 898 3442 ventri
920 3384 966 3439 rb.
1021 3387 1055 3437 15
1078 3399 1121 3465 pn-

101 3459 331 3526 gravescentibus
358 3474 382 3512 r.
447 3462 480 3512 16
508 3473 529 3511 r.
552 3472 619 3512 vero
646 3456 738 3513 acrior
764 3456 810 3514 rb.
876 3461 910 3511 18
938 3467 1034 3510 semen
1060 3469 1121 3508 erus

100 3529 119 3585 l.
138 3531 183 3586 rb.

905 3613 960 3667 11*
