2588 3886
593 149 835 217 -192.-

310 314 407 375 alvum
440 330 559 376 movere
593 310 672 390 quod
705 313 765 372 sint
797 312 961 392 strictiora,
993 311 1116 391 hispana
1145 330 1213 372 vero

227 397 291 452 Gal·
310 403 377 483 plus
400 402 514 462 solvere
539 401 618 480 quod
646 402 705 460 sint
733 400 873 460 dulciora.
915 400 994 460 idem
1018 418 1055 460 ex
1082 399 1213 461 omnibus

206 475 415 572 ''W-prunis
438 508 513 570 quae
533 491 643 549 maiora
662 495 692 549 et
714 487 790 548 elata
808 494 892 569 sunt,
915 505 950 549 ea
973 488 1094 550 demum
1116 495 1211 550 tenera

309 589 339 641 et
363 579 521 658 digestioni
542 577 674 638 faciliora
697 583 727 637 et
749 577 847 638 uentri
869 576 1029 638 molliendo
1052 577 1211 638 adcommo-

310 669 376 729 data
403 669 580 747 praesumit,
612 663 778 726 minoribns
805 667 904 726 omnia
935 667 1034 726 inesse
1062 668 1234 727 contrarias

310 765 408 818 estet
436 764 552 836 agreste
579 771 710 834 prunum
738 755 913 814 austerioris
943 753 1135 834 sortierisque
1156 757 1210 814 vir-

233 891 235 896 *
309 847 391 906 tutis.
419 845 476 905 hoc
496 846 609 904 siccum
630 843 719 902 etiam
741 849 858 902 veteres
876 842 1082 921 dysentericos
1101 850 1210 903 certum

310 941 355 994 est
378 933 525 994 adiuvare.
561 933 674 1010 gummi
691 930 781 991 huius
800 929 916 991 arboris
935 948 1004 991 cum
1022 933 1092 991 vino
1114 939 1211 1011 potum

310 1020 438 1082 calculos
470 1021 592 1100 frangit,
625 1037 693 1080 cum
725 1026 809 1079 aceto
841 1020 945 1080 tritum
978 1027 1067 1098 atque
1101 1019 1211 1080 inlitum

139 1118 146 1132 ‘
230 1107 286 1174 (Pl
310 1109 441 1170 lichenas
469 1111 579 1189 optime
611 1114 726 1187 purgat.
772 1125 858 1186 aqua,
876 1109 908 1167 in
941 1125 999 1186 qua
1025 1111 1118 1188 pruni
1148 1107 1211 1168 lolia
1221 1117 1241 1156 1⁰

212 1179 301 1246 ²³²⁶&
310 1198 432 1259 decocta
459 1205 530 1258 sunt
557 1197 689 1275 gingivas
713 1203 742 1256 et
770 1214 856 1257 uvam
875 1197 1014 1276 'itemque
1037 1196 1154 1258 tosillas
1179 1193 1210 1255 ab

309 1289 389 1347 omni
417 1285 538 1366 querela
565 1301 617 1344 ore
645 1283 812 1344 conluendo
838 1283 982 1366 defendit,
1015 1284 1068 1345 sed
1095 1287 1128 1345 in
1150 1285 1210 1344 vino

261 1385 267 1398 ·
309 1377 431 1437 decocta
449 1374 653 1435 vehementius
672 1365 807 1452 prosunt.
839 1373 954 1433 radices
968 1375 1100 1453 itemque
1115 1381 1211 1434 cortex

309 1464 433 1525 eandem
460 1472 594 1544 stypseos
626 1460 736 1522 habent
767 1468 944 1540 potestatem
972 1480 1047 1540 qnae
1080 1464 1112 1522 in
1140 1461 1212 1522 loliis

310 1555 472 1615 constituta
495 1559 549 1613 est.
1223 1559 1243 1598 1⁵

375 1751 512 1808 XLVII.
543 1752 592 1806 De
614 1749 768 1820 mespilo.

376 1867 492 1948 Mespili
514 1869 652 1929 arborem
674 1867 862 1929 Dioscorides
886 1875 1044 1930 contentus
1068 1877 1212 1948 agrestem

227 1954 291 2010 Gal.
310 1959 477 2018 nominasse
505 1960 668 2037 praeteriit.
704 1957 761 2017 hoc
789 1963 906 2016 tautum
934 1958 1109 2019 adseverant
1138 1957 1213 2038 quod

203 2031 396 2126 ΧῙᾸῺῬοιῐιει
424 2048 488 2107 eins
516 2054 547 2108 et
573 2046 642 2106 lolia
669 2047 780 2124 virtute
807 2063 866 2104 non
895 2043 1074 2125 discrepent.
1111 2046 1213 2108 sedet

300 2137 403 2208 ceteri
426 2133 610 2222 diligentins,
633 2136 685 2213 qui
704 2142 734 2194 et
751 2132 926 2194 vocabulum
948 2136 1013 2196 eins
1037 2133 1116 2196 aliud
1137 2134 1212 2196 addi·

221 2373 277 2441 (72)
373 2364 456 2421 Prnni
477 2381 588 2438 pomum
610 2379 705 2421 recens
727 2370 849 2420 ventrem
864 2359 962 2436 solut,
986 2365 1129 2421 stomacho
1153 2373 1243 2422 con-²⁰

269 2505 271 2511 Α
312 2451 422 2507 trarium
451 2447 595 2505 iudicatur.
634 2450 704 2506 sicca
732 2463 788 2504 non
817 2455 920 2504 tantum
943 2449 1058 2505 molesta
1080 2457 1163 2522 sunt,
1188 2450 1213 2504 in

310 2533 396 2591 mulsa
419 2541 495 2591 cocta
518 2531 606 2589 alvum
629 2539 810 2590 commovent.

276 2794 290 2840 1
305 2788 432 2858 hyspana
446 2789 464 2843 l.
510 2793 527 2841 2
541 2787 619 2843 Idem
632 2805 663 2858 9:
681 2787 753 2842 Item
767 2787 784 2843 l.
830 2793 847 2842 4
861 2787 1002 2856 aecom(co
1016 2787 1162 2856 c)modata
1169 2801 1212 2859 gc.

239 2863 255 2911 5
275 2859 368 2913 omnia
385 2875 436 2928 gc:
459 2874 509 2914 om.
529 2859 547 2912 l.
611 2860 754 2915 ductores
771 2857 955 2928 disyniericos
977 2857 1171 2927 (dysintericos
1187 2863 1212 2928 c)

202 2944 254 2998 gn:
273 2928 457 2998 dysintericos
475 2931 584 2985 veteres
602 2930 619 2985 i.
676 2935 710 2985 10
727 2928 852 2984 lichenes
871 2930 931 2999 (cic)
948 2945 993 2999 gv.
1051 2934 1083 2983 11
1103 2930 1213 2985 toxillas

203 3000 264 3072 (cic)
286 3000 352 3069 gel:
379 2999 507 3056 tonsillas
536 3000 613 3056 Ptin.
698 3005 732 3054 12
756 2999 881 3070 querella
902 3015 928 3070 g.
957 3002 962 3068 l
991 3016 1038 3055 ore
1061 2999 1213 3057 conluendo

204 3070 333 3140 (eluendo
343 3072 369 3140 n)
379 3087 430 3140 gv:
449 3087 499 3126 orn
512 3072 588 3141 (orne)
603 3070 751 3127 colluendo
765 3073 775 3125 l
789 3071 912 3139 (conluto
926 3085 973 3126 ore
984 3070 1050 3139 Pi).
1096 3076 1131 3124 14
1140 3075 1212 3142 styp-

202 3145 263 3198 teos
281 3158 332 3211 gc,
352 3143 468 3212 elipleos
486 3143 534 3212 dl
559 3142 646 3196 habet
662 3143 708 3211 gt,
731 3141 787 3198 hei
805 3157 830 3198 o.
895 3147 928 3196 17
947 3139 1094 3211 praeteriit
1112 3143 1167 3212 (sed
1180 3143 1212 3210 cf.

203 3211 240 3268 D.
261 3214 525 3283 ansellisartum
542 3215 610 3284 gol:
628 3215 724 3268 tamen
742 3213 786 3268 rb.
803 3214 808 3283 Ι
828 3211 1030 3287 ad(s)sevcrant
1045 3213 1145 3283 g(rd)=
1167 3214 1213 3267 ad-

203 3300 381 3353 senonense,
404 3300 564 3340 asseverans
583 3285 601 3339 i.
633 3285 774 3340 amoenat
792 3288 883 3353 geion
901 3283 1035 3352 Gaianae,
1058 3297 1116 3340 non
1134 3284 1213 3340 Dion

203 3355 319 3423 coridon,
346 3355 420 3410 tende
438 3371 456 3408 c
478 3356 665 3423 capulotenus
692 3355 826 3425 quaedum
847 3354 976 3410 videntur
1001 3354 1177 3410 intercidisse.

204 3431 237 3479 19
245 3425 346 3551 lecteri:
360 3426 487 3552 egdidcm
496 3426 594 3480 debent
603 3430 628 3481 et
638 3425 700 3482 Gal.
711 3425 837 3483 eiwon.
855 3428 859 3495 Ι
875 3424 1046 3480 addiderunt
1052 3423 1211 3495 (addidefn)

203 3511 269 3570 gv:
297 3512 338 3551 -re
352 3514 401 3554 r.
