2588 3886
590 195 832 261 -198*

369 398 443 456 LII.
475 401 525 456 De
548 399 687 454 carasio.

230 511 275 566 Pl.
371 515 473 579 Gerasi
506 516 599 578 viride
627 535 749 597 pomum
776 525 910 578 ventrem
930 525 1061 580 umectat
1086 525 1117 579 et
1149 537 1224 598 pro·

206 587 402 687 2³2⁷²·vocat,
421 605 538 668 aridum
557 607 649 667 siccat
669 613 700 668 ct
719 606 842 666 detinet.
870 606 1023 668 stomacho
1037 607 1132 667 viride
1148 626 1223 668 con·

304 696 443 777 trarium,
471 697 583 757 siccum
611 711 755 774 perquam
783 693 855 754 utile
879 696 1033 774 accipitur.
1070 695 1129 756 hoc
1153 699 1223 775 qni·
1278 747 1279 766 2

305 783 373 844 dam
400 785 570 845 existimant
597 791 628 844 et
659 785 776 844 urinam
805 800 933 844 morere.
974 802 992 844 a
1021 802 1081 844 nou
1113 788 1224 864 paucis
1278 775 1279 822 l

305 871 478 934 auctoribus
491 870 632 952 traditur,
650 874 676 932 si
691 889 777 934 mane
790 873 924 932 recentia
937 890 1008 934 cum
1021 875 1086 933 suis
1099 873 1222 934 nucleis
1236 884 1248 924 ⁵

305 959 442 1020 desorata
462 961 535 1041 sint,
559 959 656 1021 alvum
677 967 738 1021 tam
752 961 872 1040 copiose
891 959 985 1022 lluere
1004 968 1038 1022 nt
1060 979 1098 1022 ex
1112 961 1222 1023 eadem

305 1067 394 1110 causa
421 1050 510 1110 etiam
537 1049 630 1128 pedes
663 1048 768 1109 morbo
800 1047 928 1127 inpliciti
960 1047 1136 1110 liberentur.
1188 1051 1223 1110 fit

221 1133 285 1188 Gal·
308 1155 344 1197 ex
367 1136 413 1197 his
441 1136 638 1218 diacerasion,
666 1137 746 1216 quod
773 1136 912 1198 omnihus
939 1143 1045 1198 notum
1067 1144 1124 1198 est.
1162 1137 1221 1198 Ga·

166 1259 175 1270 ·
197 1209 373 1287 ”miano
395 1225 492 1305 placet
514 1244 574 1286 non
592 1243 682 1287 unam
705 1228 736 1286 in
756 1223 894 1286 omnihus
913 1227 1009 1286 cerasi
1032 1227 1129 1305 pomis
1149 1244 1221 1288 esse
1279 1282 1280 1322 ,

215 1387 218 1394 Ι
304 1317 458 1376 virtutem:
472 1331 540 1374 nam
554 1315 585 1375 in
599 1313 777 1394 quibusdam
786 1321 924 1376 austerus
935 1331 1031 1394 sapor,
1045 1316 1076 1374 in
1091 1313 1220 1393 quibus·
1235 1326 1258 1365 1⁰
1279 1329 1280 1388 l

305 1403 372 1464 dam
383 1403 493 1485 acidus,
502 1405 532 1464 in
543 1402 721 1484 quibusdam
731 1403 827 1464 dulcis
837 1410 967 1482 apparet.
987 1410 1017 1463 et
1024 1402 1088 1464 vult
1097 1411 1221 1465 austera

306 1493 341 1553 ad
356 1492 413 1553 hoc
423 1492 520 1554 valere
530 1499 564 1554 ut
573 1497 709 1552 ventrem
722 1492 935 1572 constringant,
949 1491 1136 1553 stomachum
1146 1511 1220 1553 vero

306 1581 490 1642 confirment.
523 1582 605 1642 acida
624 1581 736 1643 iudicat
757 1580 895 1660 flegmate
913 1579 1134 1641 abundantibus
1157 1589 1220 1642 sto-

306 1669 418 1731 machis
432 1677 592 1750 oportuna:
615 1687 684 1730 nam
697 1671 790 1749 magis
805 1671 919 1730 siccant
937 1675 968 1730 ct
986 1669 1220 1730 crassitudinem

306 1757 453 1818 densioris
476 1761 589 1819 umoris
611 1758 755 1819 incidunt.
791 1757 888 1818 dulcia
917 1756 1068 1818 stomacho
1092 1759 1257 1819 adversa1⁵

235 1841 273 1896 D·
310 1847 492 1926 pronuntiat,
506 1848 594 1908 citius
608 1855 707 1907 umen
721 1865 776 1927 per
789 1848 930 1907 intestina
939 1845 1080 1907 defluere.
1104 1850 1220 1926 gummi

199 1917 395 2039 ffissfquod
414 1943 540 1996 truncus
557 1935 736 2017 inlacrimat,
756 1943 944 2015 exasperatas
961 1936 1085 1996 arterias
1105 1937 1218 2015 optime

231 2171 288 2242 (81)
370 2165 459 2223 Gerasi
481 2165 565 2223 uiride
587 2182 697 2240 pomum
720 2175 840 2224 ventrem
863 2165 1003 2223 humectat
1024 2173 1052 2221 et
1074 2173 1218 2239 provocat,

306 2248 409 2306 aridum
437 2252 520 2308 siccat
547 2259 575 2308 ot
602 2249 715 2307 detinet.
757 2251 841 2308 viride
868 2251 1010 2309 stomacho
1037 2252 1217 2318 eontrarium,

306 2334 407 2391 siccum
422 2333 500 2392 utile.
530 2336 556 2391 in
573 2335 627 2392 hoc
640 2350 722 2409 pomo
734 2343 790 2392 tres
805 2336 895 2392 inesse
906 2336 1036 2392 virtutes:
1057 2335 1085 2391 lu
1103 2333 1217 2408 quihus·
1229 2343 1253 2382 ⁸⁰

306 2417 367 2474 dam
389 2425 516 2475 austerus
538 2435 634 2492 sapor,
656 2421 685 2475 in
706 2419 766 2476 aliis
788 2418 895 2492 acidus,
924 2421 952 2476 in
974 2418 1137 2494 quibusdam
1149 2418 1218 2492 dul·

307 2503 354 2559 cis.
384 2511 493 2561 austera
509 2511 629 2562 ventrem
651 2504 837 2578 restringunt,
859 2504 1028 2562 stomachum
1044 2500 1217 2560 confirmant.

306 2586 382 2644 acida
403 2588 504 2645 iudicat
530 2587 657 2663 flegmate
679 2586 876 2645 abondantibus
898 2587 1037 2646 stomacho
1066 2595 1216 2662 oportuna:

306 2689 367 2729 nam
394 2674 480 2748 magis
509 2674 613 2730 siccant
639 2682 668 2731 et
695 2671 902 2730 crassitudinem
929 2671 1062 2730 densioris
1091 2673 1215 2730 humoris

270 2910 312 2965 ts't.
338 2910 445 2966 carasio
462 2911 576 2982 pol(r)=
605 2926 700 2966 ceraso
719 2913 744 2968 b.
818 2909 942 2966 lviride
964 2911 1030 2980 pol:
1059 2910 1116 2966 -dis
1135 2912 1182 2968 rb.

200 2979 636 3052 ssaooipiaturol.lethocrh.
691 2984 756 3038 tet
772 2983 863 3052 pold:
883 2997 934 3036 oon.
948 2983 993 3036 rh.
1048 2981 1218 3037 5'1'rsditur

200 3049 404 3120 squibmdam
422 3052 446 3108 si
462 3055 490 3109 d.
545 3060 562 3109 6
581 3070 604 3108 c.
624 3071 645 3108 s.
664 3071 691 3108 n.
710 3053 898 3123 accipiantur,
916 3055 977 3108 tam
995 3067 1019 3107 o.
1037 3051 1136 3108 ulrum
1154 3053 1183 3108 d.

200 3127 216 3176 ‘l
235 3123 333 3178 morbo
351 3123 537 3195 in(im)plioiti
560 3124 628 3180 old:
656 3123 748 3179 morbi
765 3122 888 3194 inpliciti
904 3139 935 3192 9,
957 3123 1057 3178 morbo
1074 3122 1217 3193 implicati

199 3195 244 3248 rb.
261 3195 266 3262 1
283 3192 439 3265 Fit-(16)
462 3195 583 3251 delinere
601 3211 652 3250 om.
666 3195 693 3251 d.
761 3201 778 3251 8
797 3194 976 3250 dioceroaeon
992 3194 1093 3264 aad),
1117 3195 1217 3264 dysse-

199 3279 300 3320 raseou
318 3267 386 3336 l(r).
408 3270 412 3337 Ι
437 3266 554 3323 Golieno
572 3267 617 3321 hic
633 3267 728 3336 pou).
788 3272 804 3321 9
823 3282 880 3321 non
902 3265 931 3321 in
949 3265 1078 3320 omnihus
1096 3281 1121 3320 c.
1140 3265 1218 3334 pomi

200 3337 261 3405 (sic)
284 3354 369 3392 unam
388 3353 447 3393 osse
465 3355 492 3393 v.
510 3338 555 3394 rh.
620 3344 653 3392 12
672 3353 741 3394 vero
757 3337 802 3407 pl:
825 3352 877 3392 ora.
895 3336 941 3391 rb.
1000 3341 1034 3391 13
1052 3335 1217 3391 habundan-

200 3406 277 3461 tihus
294 3424 342 3477 po.
365 3410 370 3477 1
395 3409 548 3464 stomachis
566 3405 789 3480 (φλεγματώδεσι
809 3449 860 3463 ...
879 3402 1029 3477 στομάχοις
1047 3405 1136 3473 Gall:
1161 3412 1218 3462 sto·

200 3477 301 3536 macho
313 3480 369 3548 ool
378 3480 445 3550 (rb).
480 3485 540 3534 140
561 3481 663 3536 orhuna
674 3495 723 3550 po.
762 3483 793 3534 15
803 3479 943 3535 incidunt:
962 3478 1014 3532 sol
1023 3496 1051 3531 τι
1060 3475 1109 3531 καὶ
1124 3497 1217 3548 τμητι-

201 3543 253 3601 κὸν
272 3545 330 3617 ἔχει
349 3550 412 3606 dat.
469 3555 502 3604 l'l
523 3498 629 3606 osstime
646 3567 673 3621 9.
