2640 3884
539 157 779 222 -158—

260 320 348 382 lienis
378 320 527 402 infringit,
563 319 693 382 calculos
724 309 821 400 pellit,
851 319 970 381 urinam
1001 318 1087 398 citat,
1118 318 1170 378 ad·

176 412 243 468 oti?
262 415 364 470 monet
385 417 538 470 menstrua
557 409 742 470 seminarum
779 405 836 467 hoc
854 405 1022 468 antidotum
1038 404 1172 468 Galenus

260 496 393 578 polyides
415 496 565 577 inscribit,
592 496 672 576 quod
698 502 784 576 putat
804 503 866 556 tam
888 493 1016 556 salutare
1039 501 1075 556 ut
1103 493 1170 574 plu-

261 587 345 646 rimis
368 586 453 646 anuis
476 587 565 646 vitam
586 584 741 644 bominum
763 585 858 663 possit
880 581 1050 644 extendere.

187 695 232 748 Pl.
327 713 473 771 mn.
495 715 544 769 De
566 715 692 769 ments.

163 771 254 844 ωᾶ-
328 814 493 900 [lementa
516 831 635 894 quoque
659 832 734 892 quae
756 814 909 893 potuimus
932 811 1200 880 adnotaresub-s

260 905 394 964 lecimus.
429 899 580 964 labentem
605 903 738 964 animum
765 899 865 962 odoris
889 899 1019 962 efficacia
1042 907 1170 962 recreat.

262 989 412 1052 stomacho
430 989 504 1054 nibil
523 991 747 1070 concupiscenti
760 988 912 1050 fastidium
930 987 1067 1050 detrahit.
1103 1005 1170 1053 san·

261 1080 382 1159 guinem
408 1077 617 1142 excreantibus
645 1081 677 1140 in
704 1075 868 1140 sorbitione
894 1078 1028 1156 ptisanae
1057 1077 1171 1156 optime

261 1168 445 1248 propinatur.
490 1169 521 1226 in
553 1165 655 1226 dolore
688 1168 793 1246 capitis
826 1172 952 1231 contusa
982 1163 1171 1246 temporibus

262 1254 405 1316 inlinitur.
441 1250 579 1316 instillari
606 1253 729 1316 auribus
751 1271 857 1316 sucum
884 1271 954 1320 cum
975 1271 1051 1332 aqna
1073 1253 1170 1316 mulsa
1186 1274 1215 1314 ιο

261 1343 335 1404 utile
350 1350 397 1404 est
409 1345 441 1403 in
459 1342 569 1403 dolore.
597 1342 696 1403 aridae
713 1341 811 1422 pulvis
829 1340 926 1403 tribus
946 1341 1045 1421 digitis
1063 1360 1171 1422 appre-

261 1431 374 1492 hensus
397 1439 428 1493 et
450 1449 519 1492 cum
541 1449 617 1511 aqua
635 1430 729 1493 calida
750 1433 782 1491 in
799 1432 921 1510 potione
944 1429 1030 1490 datus
1050 1447 1172 1491 omnem

262 1519 406 1582 stomachi
429 1517 556 1598 detergit
578 1521 725 1581 iniuriam.
758 1516 861 1580 eadem
880 1536 929 1579 res
948 1519 1037 1580 etiam
1056 1521 1171 1598 ventris

262 1607 396 1668 animalia
420 1607 569 1669 interficit.

190 1789 236 1857 (ef.
339 1783 441 1857 Nepete
472 1783 651 1840 calidissimae
679 1784 786 1839 virtutis
815 1791 866 1840 est.
914 1781 986 1840 uude
1016 1798 1049 1839 ex
1077 1799 1109 1839 ea
1139 1781 1170 1840 lit
1185 1795 1213 1837 rs

159 1859 423 1923 Acecd.autidotum
459 1867 534 1941 quod
562 1866 762 1924 diacalamintes
789 1875 910 1925 vocatur.
958 1867 1063 1923 urinam
1092 1869 1171 1941 citat,

155 1933 406 2007 mul-menstrua
428 1959 527 2008 movet.
564 1967 647 2008 sucus
669 1953 727 2009 eius
749 1967 781 2008 ex
802 1951 889 2008 mulsa
909 1957 993 2027 potus
1007 1953 1171 2026 sanguinem

266 2043 422 2092 excreantes
444 2044 530 2094 sanat.
567 2051 650 2094 sueus
671 2037 730 2092 eius
752 2036 857 2092 aurium
878 2036 990 2092 vulnera
1011 2043 1099 2093 curat.

187 2171 244 2238 (26)
326 2171 415 2236 uentu
436 2174 564 2230 virtulem
594 2172 676 2232 babet
702 2171 932 2246 refrigeratoriam
961 2168 1170 2248 (trimlidum).

263 2271 344 2312 sucus
366 2257 425 2313 eins
447 2274 509 2314 cum
531 2266 609 2315 aceto
632 2267 659 2314 et
683 2256 816 2332 sulphure
842 2257 932 2330 iguem
954 2273 1062 2316 sacrum
1083 2256 1170 2330 tollit,
1183 2273 1212 2314 so

263 2347 386 2396 tumores
409 2349 436 2396 et
458 2341 569 2399 vulnera
590 2343 686 2416 capitis
704 2349 790 2398 curat.
827 2357 910 2398 sucus
932 2343 991 2400 eius
1012 2357 1074 2400 cum
1090 2350 1170 2400 aceto

261 2429 325 2497 pota
347 2424 506 2497 sanguinem
528 2425 702 2482 reicientibus
730 2425 853 2499 prodest.
889 2441 972 2484 sucus
999 2441 1061 2482 cum
1088 2425 1171 2482 melle
1293 2465 1296 2474 ,

261 2522 361 2580 acapno
384 2515 412 2564 et
434 2506 498 2564 lelle
515 2508 633 2582 perdicis
649 2508 780 2584 caligines
795 2509 936 2566 oculorum
959 2509 1086 2583 extergit.
1121 2525 1170 2566 vo·

261 2591 355 2648 micam
381 2592 493 2666 stringit
518 2608 601 2650 sucus
630 2594 689 2650 eins
718 2609 779 2650 cnm
801 2593 912 2650 mastico
937 2593 1073 2667 catapotlo
1096 2591 1170 2651 iacto

260 2677 284 2731 si
306 2674 448 2750 glutiatur.
1183 2690 1218 2730 ec·

226 2863 240 2910 1
261 2857 333 2912 citat
348 2859 416 2927 pole
435 2859 492 2914 ciet
507 2859 553 2914 rb.
569 2861 574 2927 Ι
596 2858 737 2915 Admonet
752 2874 792 2928 po
810 2861 1019 2929 (προσκαλεῖται
1038 2860 1100 2916 Gal.
1115 2871 1170 2920 ιιι,

154 2931 368 3009 nantilla&
381 2929 616 2998 ·sdmnnetrb(l).
634 2930 1023 3016 1ὶιοορυεῐιοοαιιῢοπινῡφ.
1035 2930 1170 3002 [galeam

154 2997 295 3068 polytesus
314 3014 369 3054 son
388 2999 414 3055 it
429 3016 481 3070 po,
499 2999 627 3071 galienus
643 3001 745 3070 polites
763 2999 891 3058 inscribit
903 3003 926 3070 l,
944 3001 1077 3058 Galacum
1089 3003 1170 3072 polo-

153 3068 241 3126 tansis
251 3067 349 3124 scribit
357 3087 373 3125 r
381 3068 515 3138 (Galenus
524 3069 681 3128 Poloteneis
694 3070 793 3128 scribit
805 3072 840 3141 bt
868 3072 1019 3130 euictus
1049 3074 1111 3128 cl·=
1125 3089 1171 3128 ss·

154 3137 234 3195 lubre
256 3139 295 3195 rb
320 3139 360 3207 (et
377 3146 440 3198 ustie
461 3142 604 3211 ipeucon.
622 3141 656 3212 l).
719 3141 916 3214 impossib
937 3089 1094 3202 mesore.
1127 3145 1171 3202 De

153 3211 446 3281 mentequoque...
465 3213 525 3268 erm
542 3213 1171 3284 communiscomnunis,

153 3283 259 3352 noco).
288 3287 425 3352 equoque
437 3297 489 3338 om.
502 3282 550 3337 rb.
566 3283 572 3351 Ι
587 3281 750 3340 adiiciemus
764 3299 788 3340 r.
824 3285 945 3358 sbsuup
957 3300 1044 3356 po,p
1159 3287 1172 3342 l

154 3353 281 3421 (tyssnse
297 3355 332 3422 r).
383 3358 415 3407 11
431 3393 438 3406 .
454 3395 461 3408 .
475 3395 482 3408 .
497 3355 552 3434 est·
570 3353 713 3410 indolere
727 3398 735 3412 .
751 3396 758 3410 .
773 3395 780 3410 .
797 3357 859 3426 pol.
877 3357 881 3424 Ι
902 3354 1000 3439 digitis
1016 3355 1056 3412 tn'
1075 3357 1170 3412 ussb.

154 3421 905 3562 termittttmtttthtmct
916 3425 1170 3566 ibim

216 3531 224 3546 .
245 3533 251 3546 .
611 3535 617 3549 .
906 3538 914 3566 ‚
1162 3539 1170 3554 .
