2640 3884
575 168 817 232 —142—

139 383 141 388 ·
193 327 282 465 2033
359 373 435 429 Vll.
467 373 515 429 De
539 371 703 442 atriplice.

211 503 274 558 Get.
341 491 493 570 ‘Atriplex
510 490 627 552 umidae
652 498 740 569 atque
759 492 884 570 frigidae
908 490 1091 552 substantiae
1114 490 1207 552 holus

184 581 362 662 112843·est,
391 580 517 660 amptius
545 588 643 641 tamen
667 599 703 640 cx
726 580 827 641 umido
854 579 996 660 possidet.
1037 588 1069 640 et
1091 587 1138 641 est
1161 579 1206 641 illi

293 671 371 730 siem
393 668 503 730 malvae
532 668 626 729 facilis
650 687 740 730 sucus
764 669 799 729 ad
827 669 951 749 lapsum.
987 668 1056 729 inde
1080 670 1111 729 in
1135 667 1205 729 eiho

293 765 430 837 sumptus
457 757 623 819 indubitate
656 766 792 820 ventrem
821 758 951 818 resolvit.
997 756 1110 818 crudus
1140 760 1204 819 sive

293 855 397 907 coctus
419 849 567 926 inpositus
586 846 711 907 duritias
733 864 837 908 ornnes
856 865 890 908 ae
913 845 1090 907 furunculos
1109 855 1237 907 sanate

292 934 487 1014 pernionibus
502 937 552 1014 qui
574 935 669 996 adhuc
684 944 832 1017 aestuant,
856 943 1015 1013 antequam
1037 937 1069 995 in
1093 935 1205 996 vulnus

293 1031 450 1102 erumpant
473 1023 587 1084 utiliter
606 1026 768 1103 inponitur.
796 1023 917 1085 scabros
936 1041 1054 1103 ungues
1073 1027 1139 1085 sine
1156 1026 1204 1084 in-

291 1113 369 1173 iuria
390 1111 501 1172 ulceris
525 1111 662 1173 detrahit.
699 1115 783 1191 ignes
803 1131 903 1174 sacros
928 1113 1024 1194 sedat,
1053 1111 1204 1192 podagrae

292 1201 441 1260 fervorem
464 1218 532 1261 cum
555 1203 634 1260 nitro
659 1208 689 1262 et
712 1208 808 1275 aceto,
824 1220 894 1262 eum
920 1200 1008 1262 melle
1031 1203 1202 1281 restinguit.

292 1287 421 1349 Galenus
443 1288 479 1349 ad
504 1291 664 1368 aurugines
684 1289 874 1370 expellendas
896 1293 964 1351 vine
988 1292 1094 1351 tritum
1117 1297 1148 1351 et
1169 1292 1203 1351 iu
1217 1309 1251 1349 ro

291 1379 412 1456 potione
440 1376 618 1457 perductum
642 1379 792 1439 efficacius
814 1387 900 1458 putat
923 1396 1025 1440 semen
1049 1381 1124 1440 eius.

187 1567 290 1693 Ιέῑῦξὲ,
358 1579 452 1634 VIII.
485 1580 534 1635 De
556 1579 705 1648 lapatho.

359 1695 508 1775 Lapathus
528 1697 637 1758 calidae
657 1706 687 1758 et
710 1705 846 1760 austerae
865 1701 984 1761 virtutis
1003 1704 1061 1779 est,
1085 1706 1117 1759 et
1133 1697 1204 1760 ideo

291 1786 323 1844 in
352 1784 418 1844 cihc
450 1792 568 1864 sumpta
590 1795 725 1847 ventrem
747 1789 897 1869 reprimit,
921 1787 1107 1848 stomachum
1131 1805 1203 1848 con-

291 1873 402 1954 firmat,
425 1881 530 1935 ructus
554 1877 675 1956 excitat,
698 1875 853 1937 contundit
875 1878 1000 1937 urinam.
1038 1893 1108 1936 cum
1130 1876 1202 1935 iimo

292 1961 453 2041 gallinaceo
479 1968 567 2022 tunsa
594 1964 747 2044 paniculas
774 1967 895 2044 rumpit.
936 1983 1038 2026 semen
1066 1983 1103 2025 ex
1125 1981 1204 2044 aqua
1218 1979 1247 2022 15
1310 1979 1311 2032 ᾗ

291 2050 338 2111 vel
365 2053 434 2110 vino
461 2058 565 2131 potum
597 2052 792 2132 dysentericis
821 2053 966 2115 subvenit.
1008 2055 1204 2132 scorpionum
1310 2129 1311 2134 ἵ

291 2142 413 2200 venenis
436 2140 628 2203 vehementer
646 2144 760 2204 resistit
778 2160 834 2202 nec
858 2142 942 2202 feriri
960 2143 1094 2203 creditur
1112 2159 1202 2221 posse
1310 2141 1311 2222 ζ

292 2229 343 2306 qui
366 2236 434 2289 ante
456 2233 692 2310 praesumpserit
715 2231 861 2291 eiusmodi
887 2233 1047 2310 potionem.
1084 2229 1203 2291 radices
1310 2225 1311 2284 t

217 2463 275 2532 (32)
359 2459 482 2534 diriplex
498 2459 632 2516 humidam
649 2468 676 2518 et
692 2461 815 2535 frigidam
832 2463 959 2518 virtutem
974 2460 1062 2518 hahet.
1095 2461 1125 2516 in
1140 2458 1202 2518 cibe

295 2551 402 2616 sumpta
424 2553 545 2601 ventrem
572 2544 663 2601 solvit.
701 2548 764 2601 trita
793 2547 859 2603 solia
882 2548 939 2602 eius
968 2544 1131 2602 furunculos
1154 2561 1245 2607 cuso
1310 2571 1311 2574 ¹

294 2637 364 2684 rant.
401 2646 496 2685 semen
518 2631 577 2685 eius
602 2629 694 2686 tritum
710 2645 771 2686 curn
789 2632 848 2686 vino
863 2632 989 2686 ictericos
1012 2637 1098 2686 curat.
1136 2629 1202 2686 folia

233 2785 237 2790 ι
292 2714 349 2769 eius
373 2715 519 2770 tritarum
541 2713 671 2772 melleet
698 2715 770 2771 nitro
799 2715 936 2789 podagrae
958 2713 1094 2771 fervorem
1116 2713 1200 2770 tollit.

256 2955 270 3003 1
294 2951 406 3006 umidae
429 2969 457 3006 v:
485 2952 618 3007 humidae
634 2953 675 3022 ql.
697 2955 701 3020 Ι
726 2952 807 3008 holus
829 2953 889 3022 pel.
956 2957 972 3006 2
1000 2967 1034 3006 ex
1062 2949 1201 3019 (Β)πωὶᾶο

182 3035 222 3090 po
233 3021 298 3090 (tb):
317 3021 353 3076 ab
367 3022 530 3079 humoribus
544 3042 567 3078 r.
618 3029 634 3078 3
649 3023 722 3077 sieut
734 3023 858 3079 malvae:
877 3023 933 3078 oid.
947 3038 1035 3092 supra
1049 3037 1071 3078 c.
1091 3031 1111 3072 ν
1121 3038 1147 3076 o.
1159 3028 1200 3077 18.

219 3098 235 3146 t
254 3092 464 3148 Pernicionibus
482 3096 499 3149 t.
555 3101 571 3150 8
588 3093 691 3150 ulceris
709 3096 776 3163 pol:
794 3110 844 3148 om.
863 3095 908 3149 rb.
931 3098 935 3164 Ι
955 3109 1035 3148 aeros
1053 3093 1070 3149 1.
1091 3095 1096 3160 1
1116 3094 1165 3148 sic.

183 3168 199 3218 9
217 3162 368 3233 restinguit
384 3165 499 3233 patto:
525 3167 671 3234 restringit
692 3167 729 3219 rh
753 3167 801 3234 (at
818 3181 905 3234 supro
923 3181 946 3221 c.
971 3167 1022 3234 Vl).
1088 3169 1123 3218 10
1147 3163 1201 3219 Ga·

182 3234 349 3319 liennsph).
366 3235 371 3304 Ι
387 3251 543 3306 aurugenes
553 3242 617 3292 onte
627 3252 696 3291 corr.
706 3254 731 3307 p.
768 3239 809 3292 tit.
819 3237 950 3306 lapatho:
968 3234 1076 3305 lapatio
1085 3235 1202 3318 guph),

182 3305 310 3378 lappatra
329 3307 388 3376 (sic)
407 3308 425 3361 l.
480 3312 514 3361 12
532 3307 678 3378 Lapathus
696 3323 756 3377 epo:
780 3307 931 3378 Lapatinm
948 3324 967 3377 9
990 3309 1065 3376 (post
1086 3305 1202 3362 virtutis

184 3383 228 3454 est
243 3381 304 3448 rb),
323 3395 372 3435 om.
392 3379 431 3434 ot.
484 3383 517 3433 13
536 3383 648 3448 sumpta
665 3381 734 3448 pot:
754 3385 895 3448 sumptum
914 3378 958 3433 rb.
975 3378 1121 3446 {ventrem
1141 3392 1200 3446 eqo:

184 3449 642 3591 retractasset
655 3451 781 3591 tp÷2>¹4
804 3449 952 3576 ittet
968 3449 1020 3589 ‘rt'-
1039 3447 1203 3589 estitit
