2588 3886
360 143 363 150 *
461 190 702 254 -191-

58 361 268 433 merguntur,
298 359 402 431 postea
430 371 505 432 aqua
534 354 598 431 ipsa
625 371 694 414 cum
720 355 879 433 pigmentis
907 356 986 417 sicut

57 445 161 504 inlusa
193 447 274 502 sunt
304 439 482 520 decoquitur
514 441 550 502 ad
581 444 699 521 tertiaS,
731 450 762 503 et
793 441 862 503 inde
891 444 984 506 colata

58 548 209 593 mensura
234 529 304 608 pari
322 547 390 592 cum
413 530 588 608 despumato
605 530 691 591 melle
712 531 867 612 miscetur,
889 533 984 594 molli·

59 639 118 700 que
142 617 290 699 igniculo
307 635 346 678 ne
364 618 508 679 aduratur
526 617 583 678 boc
601 637 697 697 usquc
719 618 871 682 incalescit
889 620 983 682 donec

35 709 189 770 ssubacta
215 710 252 768 in
276 704 372 774 mellis
396 705 624 768 crassitudinem
646 714 787 770 transeat.

126 907 262 966 XLVI.
293 909 489 976 caprano.

126 1027 232 1090 Pruui
255 1044 362 1088 recens
379 1043 501 1105 pomum
519 1031 655 1086 verrtrem
675 1026 808 1108 resolvit,
832 1028 983 1089 stomacho
994 1004 1053 1129 tll'
1056 1081 1080 1130 4.

63 1119 260 1178 contrarium
287 1115 448 1196 iudicatur,
480 1113 532 1174 sed
562 1132 650 1175 omue
678 1113 735 1175 hoc
763 1116 984 1178 incommodum
1012 1117 1018 1143 '

64 1205 155 1266 celeri
180 1204 354 1284 digestione
374 1203 484 1263 linitur.
521 1205 599 1263 sicca
618 1221 678 1264 uon
697 1211 813 1265 tantum
831 1206 983 1268 molestiae

64 1292 222 1370 praebent.
264 1291 453 1352 Dioscorides
477 1293 555 1352 sicca
574 1300 657 1352 cocta
681 1291 778 1352 alvum
801 1297 983 1374 restringere

32 1392 53 1431 10
65 1384 227 1444 existimat.
273 1379 352 1460 quod
376 1378 505 1440 Galenus
532 1398 592 1439 uon
620 1381 759 1441 inmerito
786 1367 894 1444 salsum
916 1401 982 1443 esse
1002 1374 1065 1452 Gal·

67 1471 233 1532 contendit.
273 1471 341 1549 quis
364 1470 444 1529 enim
471 1471 584 1529 nesciat
611 1486 648 1529 ex
674 1487 761 1548 passo
785 1469 916 1532 discocta
938 1451 1089 1531 vel¹¹l35·

7 1621 8 1636 p
67 1558 162 1620 mulso
178 1559 218 1619 ad
239 1557 420 1618 solutionem
434 1559 547 1617 ventris
566 1558 697 1637 operarI,
716 1559 900 1638 maximeque
915 1578 982 1639 pro·

7 1637 9 1690 l
69 1645 155 1708 ficere
187 1650 215 1708 si
246 1647 405 1707 decoctum
435 1647 533 1725 ipsum
560 1647 609 1706 cui
642 1663 733 1706 sucus
762 1646 909 1707 admixtus
938 1656 983 1708 est

69 1731 255 1797 sorbeatur?
293 1735 364 1796 facit
391 1741 490 1794 tamen
518 1741 548 1794 et
575 1735 638 1813 ipse
663 1733 846 1795 differentias
874 1736 983 1797 diversi

38 1831 58 1869 1⁵
70 1827 187 1899 generis
216 1826 251 1885 in
279 1825 398 1903 prunis,
427 1830 460 1883 ut
487 1823 601 1902 syriaca
628 1829 745 1884 tantum
771 1832 859 1903 putot
884 1827 983 1885 minus

130 2051 193 2112 Non
216 2069 274 2111 una
296 2039 443 2128 eademque
458 2053 544 2110 virtus
565 2054 593 2110 iu
612 2053 738 2111 omuibus
759 2055 899 2111 citriorum
922 2071 982 2129 par·
1002 2057 1058 2126 (71)

72 2135 156 2211 tibus,
178 2139 207 2198 in
224 2137 330 2196 sortire
346 2137 536 2208 thermarum,
558 2139 587 2193 in
609 2153 690 2194 carue
705 2138 764 2194 alba
779 2137 866 2195 medie
882 2147 983 2212 tempe-

74 2230 126 2277 rata
147 2224 315 2294 acrimonia,
345 2223 473 2278 acerrima
500 2223 528 2277 iu
551 2223 652 2279 semiue
674 2230 703 2279 et
724 2223 851 2296 styptica.
889 2224 984 2280 cortici
1009 2241 1013 2250 ¹

73 2309 204 2364 austerior
227 2315 325 2364 natura
352 2322 479 2363 concessa
506 2314 564 2380 est,
591 2321 661 2380 quae
689 2316 820 2382 quantum
843 2306 928 2364 valeat
950 2325 983 2364 eu

45 2386 131 2459 ²⁰lpso
161 2391 251 2450 odore
279 2399 406 2450 testatur.
452 2391 558 2450 modice
585 2398 710 2465 sumpius
739 2398 786 2448 ant
811 2392 841 2448 iu
869 2393 983 2466 potione

76 2471 171 2532 calidae
201 2475 308 2534 diutius
330 2477 464 2535 inmersus
490 2473 652 2533 beneficium
673 2483 794 2534 maturae
821 2476 982 2549 digestionis

77 2569 210 2627 operatur.
250 2577 313 2618 caro
337 2558 395 2616 alba
417 2576 470 2634 qua
492 2561 520 2616 in
540 2560 602 2618 cibo
626 2561 743 2635 utimur,
766 2561 865 2638 dogma
885 2561 984 2631 nutrit,

78 2636 204 2701 foramina
229 2645 361 2702 interiora
376 2643 477 2703 claudit
497 2653 525 2701 et
546 2645 717 2703 stomachum
739 2645 884 2719 opprimit,
907 2641 984 2700 tarde

78 2728 200 2797 coquitur
229 2739 259 2786 et
287 2728 487 2804 indigestiones
509 2728 574 2786 lacit
600 2731 755 2786 acrimonia.
793 2745 855 2804 cum
881 2728 983 2784 semine

48 2810 68 2852 ²⁵
81 2808 138 2865 trita
160 2815 266 2872 morsui
288 2816 384 2872 canino
406 2814 550 2872 succurrit.
588 2814 704 2870 incisum
724 2829 786 2870 cum
808 2810 934 2870 omuibus
957 2814 985 2867 iu

79 2903 105 2944 se
127 2905 235 2954 coctura
250 2900 418 2973 serpentium
439 2914 546 2956 morsus
566 2907 596 2956 et
611 2915 712 2956 venena
734 2896 882 2974 fungorum
898 2904 984 2954 curat.

81 3001 290 3026 *νη-.-

147 3113 161 3161 1
181 3113 346 3182 merguntur
362 3113 407 3182 pl:
426 3111 542 3182 -gantur
553 3112 598 3166 rb.
615 3113 620 3180 1
635 3111 736 3181 postea
748 3111 878 3181 plepem
895 3109 941 3168 rb.
987 3113 1002 3162 2
1022 3110 1089 3164 suat

82 3177 159 3234 ‘mil-
179 3182 183 3247 Ι
204 3181 418 3252 mutuatu
447 3198 498 3240 om.
517 3183 562 3240 rb.
587 3185 592 3252 1
616 3181 681 3238 inde
700 3182 749 3237 rb:
767 3181 798 3236 in
821 3183 867 3249 (ac.
881 3197 936 3250 pro
954 3183 995 3249 iia)
1012 3181 1053 3250 pl.

82 3244 245 3308 ³mensura
259 3253 533 3323 paricumglsom.
553 3251 774 3322 rbimellirb.
829 3250 1023 3320 succusque
1041 3250 1090 3320 pls

82 3307 220 3390 hucusque
238 3326 283 3381 rb.
308 3328 312 3394 Ι
341 3323 494 3382 incalescat
512 3326 530 3380 l.
602 3321 769 3378 tsubaeta:
796 3321 837 3376 sic
858 3321 968 3392 pl(rb).
1005 3321 1089 3390 capit.

85 3385 115 3436 ⁴⁶
136 3403 184 3446 om.
209 3396 246 3450 rb
274 3397 395 3466 (patmus
421 3397 480 3465 ipse
502 3395 577 3452 odedi
598 3397 631 3449 tn
652 3392 756 3450 Anecd.
774 3403 806 3452 ΙΙ,
824 3393 898 3460 130).
981 3396 1015 3445 10
1039 3408 1088 3462 ga·

84 3447 223 3600 Ῑῐῑίθῆῐὲξισρό.
279 3475 311 3522 13
329 3467 412 3537 ipsud
431 3484 457 3537 p.
513 3462 711 3522 mcorbeatur
727 3481 759 3534 p:
783 3463 910 3520 sorbetur
928 3461 945 3519 l.
1001 3467 1035 3517 15
1054 3462 1089 3516 si-
