2654 3878
556 67 798 132 -102-

212 230 288 300 *(οῐ.
302 233 411 301 tonto)
437 228 531 292 viride
538 231 644 291 tn'tum
653 247 723 292 cum
731 228 797 292 albo
807 231 864 291 ovi.
881 232 993 311 sinapis
1004 228 1192 292 alexandrini

437 318 587 380 heminam
609 319 687 400 triti,
716 317 811 399 adipis
838 319 969 380 anserini
995 321 1100 382 uncias
1123 330 1192 403 im,

437 406 535 469 mellis
570 406 709 470 selibram
749 409 781 469 in
816 409 960 470 mortario
1000 409 1193 472 commisceri

438 503 558 577 oportet
584 504 615 558 et
641 498 674 558 in
702 514 801 576 panno
828 495 930 558 induci
953 503 984 558 et
1005 499 1085 576 perti
1111 515 1191 576 quaa

439 603 475 646 ex
503 586 679 646 contusione
710 586 741 646 in
779 584 880 646 dolore
913 592 959 647 est
995 587 1122 668 imponi,
1158 594 1192 650 et
1220 598 1235 640 ⁶

306 685 411 748 talne.
438 673 564 734 mirifica
595 672 748 734 remediat.
792 691 936 754 percussa
967 675 999 734 in
1031 674 1106 734 facie
1136 683 1191 737 aut

306 772 411 837 tt,11a.
439 763 628 824 discorticata
654 779 730 843 pane
754 779 791 822 ex
813 759 901 823 melle
924 770 1076 823 sanantur.
1112 765 1190 824 aori-

439 851 502 912 folii
521 849 605 912 radix
627 849 818 933 decoquitur,
841 852 951 913 teritur
970 860 1002 913 et
1023 853 1191 932 imponitur

323 949 411 1013 aona
438 939 524 1002 livori
556 947 587 1001 et
623 941 741 1003 tumori.
786 939 943 1019 pulmones
974 939 1126 1020 pecudum
1156 943 1191 1004 in

438 1029 614 1090 tenuissima
636 1029 732 1090 frusta
750 1028 962 1110 conciduntur,
986 1028 1093 1090 deinde
1117 1047 1189 1092 con·
1205 1045 1232 1088 ιο

438 1119 516 1180 lecta
542 1118 574 1178 in
603 1135 710 1196 aquam
741 1117 906 1178 ferventem
938 1117 1031 1180 calida
1060 1117 1190 1198 subinde
1324 1098 1325 1124 ¹

219 1207 257 1265 u.
289 1208 350 1276 (oen.
364 1208 411 1278 rt)
438 1203 607 1268 tumoribus
620 1207 824 1288 inponuntur.
852 1205 1021 1268 columbino
1035 1207 1105 1268 fimo
1118 1225 1190 1270 con·

323 1304 411 1372 atat,
438 1297 510 1358 trito
533 1301 668 1356 utuntur.
709 1310 785 1374 aqua
815 1297 928 1356 marina
956 1293 1050 1356 calida
1072 1296 1191 1358 utiliter

309 1457 312 1464 ⁴
438 1392 572 1449 tumores
586 1384 737 1465 foventur,
755 1383 862 1444 deinde
876 1390 979 1464 postea
993 1392 1078 1446 aceto
1092 1402 1189 1466 aeque

283 1475 410 1550 (talen)
438 1473 542 1536 calido.
568 1472 736 1554 plantagine
762 1472 855 1534 cruda
877 1480 908 1533 et
931 1474 1059 1536 contrita
1086 1475 1112 1534 si
1140 1482 1187 1538 tu·
1204 1487 1229 1529 1⁵

438 1581 503 1624 mor
526 1564 588 1624 sive
615 1560 725 1624 duritia
753 1561 993 1643 cataplasmatur,
1023 1561 1188 1624 efficaciter

350 1655 366 1690 *
438 1651 574 1713 sedatur:
592 1649 672 1730 quod
686 1649 854 1712 remedium
871 1657 901 1710 et
919 1650 974 1712 alia
993 1650 1084 1714 ltuim
1107 1650 1190 1714 modi

305 1749 410 1813 atton.
438 1747 523 1800 curat
537 1748 568 1801 et
586 1740 793 1801 carcinomata.
821 1738 864 1800 sal
881 1741 913 1800 in
927 1755 1048 1801 saccum
1060 1739 1190 1802 linteum

438 1829 577 1909 coicitur,
600 1827 707 1889 deinde
728 1829 872 1890 intinctus
890 1829 922 1888 in
941 1845 1047 1908 aquam
1069 1828 1188 1890 lernen·

436 1924 500 1978 tem
534 1924 565 1980 et
599 1917 641 1978 ita
676 1915 836 1979 adcinctus
870 1915 978 1978 crebro
1014 1919 1188 1998 imponitur.
1202 1931 1230 1974 ao

304 2016 409 2081 antas.
437 2004 561 2068 livorem
583 2004 619 2066 ab
642 2007 705 2066 ictu
727 2013 881 2067 recentem
904 2007 1028 2085 spongia
1050 2024 1087 2067 ex
1111 2025 1189 2086 aqua

304 2105 409 2172 ocant
438 2091 513 2156 salsa
540 2091 633 2156 calida
665 2095 782 2176 saepius
810 2095 947 2176 imposita
978 2091 1063 2156 tollit.
1105 2097 1189 2158 miri·

243 2359 258 2408 1
277 2353 423 2410 menandri
444 2353 581 2409 himinam
604 2355 663 2423 (aie)
680 2369 711 2424 p,
734 2352 910 2412 alexandrini
931 2351 1026 2410 emina
1047 2353 1075 2409 d.
1089 2354 1106 2421 ,Ι
1131 2369 1189 2424 pro

170 2425 214 2482 tie
232 2425 313 2496 (pace
325 2427 414 2495 poulo
427 2430 493 2495 post
509 2425 695 2496 odiosum)
713 2441 748 2482 eu
764 2427 826 2496 ipso
845 2426 943 2481 Plinio
961 2430 1059 2494 ildito
1078 2424 1190 2482 unias

171 2497 272 2554 mee
288 2495 339 2555 rba
367 2496 471 2568 Sinape
491 2496 562 2552 item
584 2497 685 2552 tritum
706 2513 769 2554 oum
787 2496 872 2554 malle
894 2498 923 2552 ai
946 2494 1030 2568 adipe
1048 2495 1189 2554 ommino.

207 2568 363 2636 tssmrd.
379 2570 384 2638 Ι
399 2566 666 2624 nitiheminamrb.
702 2566 1120 2649 amalliseilibramffimallis
1133 2567 1189 2624 lib·

170 2639 265 2710 eamd,
278 2639 419 2696 mellisona
426 2638 596 2716 (modenana)
606 2637 761 2697 libramrb.
789 2641 846 2696 tot
858 2638 992 2709 inpanno
1005 2637 1101 2695 induci
1113 2655 1144 2710 pe
1159 2643 1190 2695 aa

170 2710 848 2852 aanaaaaaaaanaoaa
862 2713 915 2852 aaa
928 2708 1189 2839 paneae
1269 2803 1272 2810 .

170 2849 278 2906 mediat
298 2869 328 2921 pa
356 2853 488 2909 mandat
506 2854 538 2921 d,
565 2853 647 2908 sanat
663 2853 708 2908 rb.
734 2853 739 2921 Ι
762 2868 906 2923 percussa:
930 2851 1041 2909 iocum
1060 2852 1106 2908 Pl.
1131 2853 1189 2922 (scd

170 2921 205 2989 ef.
225 2925 342 2992 22‚138).
391 2929 407 2980 i
427 2923 669 3009 discortioatanoec
682 2922 807 3008 picaeni)
825 2925 930 3007 ράρβε
948 2922 1132 3008 desquamata
1150 2924 1188 2980 rb

172 2991 250 3061 (Pu).
266 2994 273 3076 Ι
292 2995 468 3076 sanatunpd.
484 2998 490 3066 Ι
509 2995 711 3066 coniciendae)
725 2996 757 3065 d,
776 2994 935 3066 aganone.
981 2995 1189 3052 aeaunaurd

170 3065 211 3190 pet
237 3065 307 3119 tnta
327 3081 395 3136 amp.
418 3066 474 3133 rb).
543 3073 578 3123 14
602 3068 728 3123 tumores
751 3065 833 3150 (Pl.):
861 3066 990 3122 humores
1013 3067 1057 3137 qd
1083 3067 1189 3136 (tumor

183 3136 281 3192 oveaur
305 3136 361 3204 ro).
384 3137 390 3206 Ι
414 3135 515 3193 deinde
538 3139 639 3210 postea
660 3155 690 3209 pa
718 3137 820 3194 demde
843 3138 871 3196 d.
896 3138 901 3206 l
926 3152 1014 3208 aeque
1037 3135 1130 3195 calido
1156 3154 1187 3209 p:

170 3221 246 3277 aqna
263 3206 389 3264 calidud
417 3207 482 3264 han
500 3224 551 3266 oue.
564 3209 621 3280 rb).
667 3215 702 3266 ld
721 3209 781 3267 sive
797 3208 871 3280 prb:
890 3207 928 3263 sit
945 3206 1004 3264 siue
1021 3209 1049 3265 d.
1096 3215 1129 3266 ll
1145 3225 1188 3268 se·

170 3276 255 3334 datur
266 3279 339 3349 prb:
357 3296 387 3333 m
423 3281 486 3334 atur
497 3281 525 3336 d.
572 3285 606 3338 to
624 3281 820 3338 canceromata
835 3279 933 3351 pdbffl,
952 3281 1127 3336 ceutronum
1140 3282 1188 3337 rb.

172 3347 210 3421 le.
225 3349 363 3407 conicitur
374 3349 482 3406 lineum
494 3351 521 3406 d.
564 3351 746 3408 taionnacus
815 3349 967 3408 calaiactua
980 3351 1035 3421 eda
1054 3353 1127 3408 -tnm
1140 3352 1187 3408 rb.

206 3424 241 3476 20
259 3423 355 3478 crebro
374 3421 487 3493 d(Pl.)=
506 3423 620 3479 cerebro
637 3423 687 3493 od.
