2640 3884
569 188 811 252 -114-

237 344 329 398 XXXI
357 344 402 399 Ad
420 345 537 400 vulnera
556 345 611 400 oris
630 342 688 399 sive
706 345 845 399 tumorem
863 343 1040 414 gingivarum

222 414 327 470 XXXII
355 416 399 470 Ad
422 415 598 486 putredinem
622 415 677 470 oris
701 414 815 486 linguae
839 414 898 470 sive
920 414 1032 485 palatus
1054 417 1084 471 et
1110 416 1214 486 gingi-

354 504 453 542 samm

209 557 328 612 XXXIII
354 558 399 612 Ad
416 559 535 613 fetorem
553 557 608 614 oris
629 573 632 582 ’

196 628 328 683 XXXIIII
354 629 399 684 Ad
418 645 449 684 os
468 629 620 685 salinosum
639 632 668 684 ct
685 627 826 699 lippidum

223 699 328 754 XXXV
354 700 400 755 Ad
418 718 449 755 os
468 703 497 756 et
514 700 592 756 labia

210 771 328 826 XXXVI
353 772 399 826 Ad
417 772 543 827 dentium
561 772 687 827 dolorem

84 876 91 888 ·
196 842 328 897 XXXVII
354 843 400 897 Ad
418 843 516 899 dentes
532 843 643 898 laxatos
661 871 664 876 ·

183 913 328 969 XXXVHI
354 914 400 969 Ad
418 913 545 969 dentium
563 914 713 969 molarium
731 914 856 969 dolorem

207 984 325 1040 XXXIX
351 984 396 1044 Ad
415 985 513 1041 dentes
531 983 647 1041 vitiosos
665 985 712 1041 vel
730 1000 813 1040 cavos

275 1056 324 1111 XL
352 1056 397 1110 Ad
415 1056 602 1112 dentifritium
622 1058 651 1110 et
669 1056 766 1111 dentes
784 1055 916 1110 candidos
938 1054 1082 1110 faciendos

262 1127 326 1182 XLI
351 1127 397 1181 Ad
415 1127 512 1183 dentes
531 1127 652 1183 molares
670 1126 716 1182 vel
739 1127 775 1180 ad
794 1143 890 1182 omncs
908 1128 941 1180 ut
963 1124 1021 1182 siut
1042 1125 1211 1197 incorrupti

249 1198 326 1252 XLII
351 1198 397 1252 Ad
416 1199 577 1253 dentionem
595 1197 706 1268 quando
724 1197 846 1252 infantm
865 1196 996 1253 dentiunt

236 1269 326 1324 XLIII
352 1269 398 1322 Ad
414 1285 500 1324 uvam
519 1267 705 1324 distillantem
723 1269 754 1323 et
771 1269 808 1323 ad
825 1267 920 1324 fauces
938 1270 1079 1324 tumentes

221 1339 326 1396 XLIIII
352 1339 398 1394 Ad
416 1339 580 1410 sanguinem
598 1356 633 1394 ex
650 1339 778 1410 praecisa
794 1356 851 1394 uva
868 1338 987 1394 nimiuiu
1003 1339 1139 1395 fluentem

250 1410 325 1466 XLV
353 1411 398 1465 Ad
407 1411 500 1467 'tolles
518 1412 547 1466 et
565 1410 693 1466 tonsillas
711 1411 901 1481 reprimendas

239 1482 328 1538 XLVI
353 1482 399 1536 Ad
416 1481 541 1538 faucium
559 1483 686 1537 dolorem

223 1553 327 1608 XLVII
354 1554 399 1608 Ad
416 1555 511 1610 fauces
528 1552 718 1624 limpidandas

209 1624 326 1680 XLVIII
352 1624 398 1678 Ad
415 1626 541 1680 usturam
559 1623 649 1693 palati
668 1623 726 1678 sive
744 1621 868 1678 faucium

235 1694 325 1750 XLIX
352 1695 397 1749 Ad
415 1696 532 1751 vulnera
549 1694 673 1750 faucium
691 1697 791 1765 aperta

304 1766 326 1819 L
355 1765 400 1819 Ad
419 1781 562 1836 synangeu
580 1767 610 1820 et
628 1765 683 1821 oris
700 1765 864 1820 vulnerant
883 1764 1000 1835 anginas

289 1837 326 1891 LI
355 1834 499 1892 Confectio
517 1836 662 1892 diamoron
680 1852 752 1904 quse
766 1837 836 1892 facit
848 1836 885 1891 ad
903 1837 1043 1891 tumorem
1061 1835 1208 1894 faucium:

353 1908 409 1964 oris
427 1908 545 1964 vulnera
564 1909 592 1963 et
610 1905 727 1990 anginas

274 1979 324 2034 LII
351 1979 396 2033 Ad
414 1979 576 2049 ungendum
595 1994 713 2050 angrnas
742 1993 744 1998 ·

261 2051 325 2106 LIII
353 2049 497 2106 Confectio
516 2048 655 2104 arteriaca
673 2050 709 2104 ad
728 2047 905 2104 raucedinem
923 2049 1003 2105 vocis

248 2121 325 2176 LIIII
352 2121 499 2192 Ad'gulae
518 2123 549 2177 et
566 2120 681 2176 cervicis
700 2121 825 2177 dolorem

277 2192 327 2246 LV
355 2192 399 2246 Ad
417 2193 547 2248 humeros
565 2190 681 2247 brachia
699 2193 728 2247 et
745 2208 844 2246 manus
862 2192 972 2247 cubitos

260 2263 324 2317 LVI
350 2263 395 2318 Ad
414 2279 527 2319 uersos:
546 2280 593 2318 soa
613 2263 675 2318 ulas
695 2265 723 2319 et
741 2263 778 2317 ad
796 2262 891 2318 omnia

251 2334 328 2388 LVII
355 2333 400 2386 Ad
417 2334 540 2402 pectoris
558 2281 682 2389 dolorem

234 2404 324 2459 LVIII
350 2403 397 2458 Ad
413 2402 514 2458 tussim

259 2475 322 2530 LIX
350 2475 394 2529 Ad
412 2474 591 2529 tussientium
609 2475 738 2545 antiquas
757 2479 786 2531 et
803 2476 950 2532 diuturnas
969 2474 1143 2530 valitudines

276 2547 326 2601 LX
354 2545 464 2600 Oximel
482 2545 519 2601 ad
536 2546 639 2616 flegma
656 2545 806 2603 incidenda

261 2617 326 2673 LXI
352 2617 397 2672 Ad
415 2617 540 2686 ptysioos

248 2689 326 2744 LXII
352 2688 397 2743 Ad
416 2688 570 2757 synthesim

235 2760 325 2814 LXIII
352 2759 396 2813 Ad
415 2758 579 2829 sanguinem
599 2762 759 2815 excreantes
778 2762 807 2815 et
825 2757 949 2830 ptysicos
970 2757 1084 2813 effectos

221 2830 325 2884 LXIIII
352 2830 397 2884 Ad
415 2829 579 2900 sauguinem
598 2829 756 2886 reiicieutes

253 2900 329 2955 LXV
355 2901 399 2954 Ad
419 2917 465 2956 eos
485 2902 534 2972 qui
553 2901 716 2972 sauguinem
731 2902 777 2956 vel
795 2901 830 2955 de
849 2899 993 2956 stomacho
1011 2900 1058 2955 vel
1076 2901 1111 2957 de
1127 2919 1202 2957 vena

353 2971 421 3027 satis
440 2971 574 3029 emittunt

489 3144 606 3216 OapIta
628 3143 709 3200 libri
731 3143 883 3200 secundi.

312 3256 325 3309 I
351 3255 397 3310 Ad
414 3256 559 3328 pulmones

297 3328 325 3382 Il
351 3327 397 3381 Ad
416 3327 564 3399 suspirium

288 3399 328 3452 III
355 3399 400 3453 Ad
418 3399 558 3454 mamillae
576 3400 707 3455 nucleum
725 3399 755 3454 et
773 3414 902 3453 cancrum
1001 3451 1005 3458 .

134 3501 136 3506 ,
249 3469 327 3524 '1111
355 3470 400 3524 Ad
423 3469 546 3525 dolorem
565 3469 708 3527 stomachi·
721 3486 785 3526 cum
803 3470 911 3526 accidia
929 3472 959 3525 et
979 3485 1084 3524 nausea
1107 3471 1138 3524 et
1161 3471 1198 3525 ad

351 3540 524 3596 inflationem
544 3545 572 3596 et
589 3541 776 3598 defectionem
955 3571 967 3604 e
