<?xml version="1.0" encoding="UTF-8"?>
<!DOCTYPE html PUBLIC "-//W3C//DTD XHTML 1.0 Transitional//EN"
    "http://www.w3.org/TR/xhtml1/DTD/xhtml1-transitional.dtd">
<html xmlns="http://www.w3.org/1999/xhtml" xml:lang="en" lang="en">
 <head>
  <title>
</title>
<meta http-equiv="Content-Type" content="text/html;charset=utf-8" />
  <meta name='ocr-system' content='tesseract 3.04.00' />
  <meta name='ocr-capabilities' content='ocr_page ocr_carea ocr_par ocr_line ocrx_word'/>
</head>
<body>
  <div class='ocr_page' id='page_1' title='image "./pliniisecundiqu03plingoog_0184.png"; bbox 0 0 2588 3886; ppageno 0'>
   <div class='ocr_carea' id='block_1_1' title="bbox 475 162 717 227">
    <p class='ocr_par' dir='ltr' id='par_1_1' title="bbox 475 162 717 227">
     <span class='ocr_line' id='line_1_1' title="bbox 475 162 717 227; baseline 0.004 -1"><span class='ocrx_word' id='word_1_1' title='bbox 475 162 717 227; x_wconf 80' lang='lat'>-175-</span> 
     </span>
    </p>
   </div>
   <div class='ocr_carea' id='block_1_2' title="bbox 74 327 994 671">
    <p class='ocr_par' dir='ltr' id='par_1_2' title="bbox 74 327 994 671">
     <span class='ocr_line' id='line_1_2' title="bbox 75 327 994 407; baseline 0.002 -21"><span class='ocrx_word' id='word_1_2' title='bbox 75 333 234 405; x_wconf 90' lang='lat' dir='ltr'><strong>sumptum</strong></span> <span class='ocrx_word' id='word_1_3' title='bbox 260 327 452 404; x_wconf 80' lang='lat' dir='ltr'><strong>scorpionum</strong></span> <span class='ocrx_word' id='word_1_4' title='bbox 476 332 506 386; x_wconf 92' lang='lat' dir='ltr'><strong>et</strong></span> <span class='ocrx_word' id='word_1_5' title='bbox 529 343 704 388; x_wconf 80' lang='lat' dir='ltr'><strong>araneorum</strong></span> <span class='ocrx_word' id='word_1_6' title='bbox 726 328 848 386; x_wconf 87' lang='lat' dir='ltr'><strong>venenis</strong></span> <span class='ocrx_word' id='word_1_7' title='bbox 871 329 994 407; x_wconf 79' lang='lat' dir='ltr'><strong>resistit,</strong></span> 
     </span>
     <span class='ocr_line' id='line_1_3' title="bbox 75 413 993 493; baseline 0.001 -18"><span class='ocrx_word' id='word_1_8' title='bbox 75 414 245 476; x_wconf 88' lang='lat' dir='ltr'><strong>cruditates</strong></span> <span class='ocrx_word' id='word_1_9' title='bbox 271 413 404 476; x_wconf 89' lang='lat' dir='ltr'><strong>discutit.</strong></span> <span class='ocrx_word' id='word_1_10' title='bbox 436 413 580 476; x_wconf 83' lang='lat' dir='ltr'><strong>stomachi</strong></span> <span class='ocrx_word' id='word_1_11' title='bbox 600 433 719 476; x_wconf 85' lang='lat' dir='ltr'><strong>morsus</strong></span> <span class='ocrx_word' id='word_1_12' title='bbox 742 433 779 474; x_wconf 83' lang='lat' dir='ltr'><strong>ex</strong></span> <span class='ocrx_word' id='word_1_13' title='bbox 802 431 876 493; x_wconf 90' lang='lat' dir='ltr'><strong>aqua</strong></span> <span class='ocrx_word' id='word_1_14' title='bbox 900 415 993 476; x_wconf 87' lang='lat' dir='ltr'><strong>calida</strong></span> 
     </span>
     <span class='ocr_line' id='line_1_4' title="bbox 74 503 991 570; baseline 0 -6"><span class='ocrx_word' id='word_1_15' title='bbox 74 504 177 566; x_wconf 91' lang='lat' dir='ltr'><strong>datum</strong></span> <span class='ocrx_word' id='word_1_16' title='bbox 206 503 295 564; x_wconf 90' lang='lat' dir='ltr'><strong>lenit.</strong></span> <span class='ocrx_word' id='word_1_17' title='bbox 333 520 402 564; x_wconf 90' lang='lat' dir='ltr'><strong>oum</strong></span> <span class='ocrx_word' id='word_1_18' title='bbox 429 503 493 566; x_wconf 90' lang='lat' dir='ltr'><strong>oleo</strong></span> <span class='ocrx_word' id='word_1_19' title='bbox 523 510 552 564; x_wconf 90' lang='lat' dir='ltr'><strong>et</strong></span> <span class='ocrx_word' id='word_1_20' title='bbox 575 511 658 565; x_wconf 88' lang='lat' dir='ltr'><strong>aceto</strong></span> <span class='ocrx_word' id='word_1_21' title='bbox 686 505 789 565; x_wconf 89' lang='lat' dir='ltr'><strong>tritum</strong></span> <span class='ocrx_word' id='word_1_22' title='bbox 821 503 991 570; x_wconf 82' lang='lat' dir='ltr'><strong>collectum·</strong></span> 
     </span>
     <span class='ocr_line' id='line_1_5' title="bbox 74 589 992 671; baseline -0.002 -16"><span class='ocrx_word' id='word_1_23' title='bbox 74 611 132 671; x_wconf 84' lang='lat' dir='ltr'><strong>quc</strong></span> <span class='ocrx_word' id='word_1_24' title='bbox 156 591 270 654; x_wconf 89' lang='lat' dir='ltr'><strong>sucida</strong></span> <span class='ocrx_word' id='word_1_25' title='bbox 287 592 354 653; x_wconf 89' lang='lat' dir='ltr'><strong>lana</strong></span> <span class='ocrx_word' id='word_1_26' title='bbox 375 589 484 652; x_wconf 84' lang='lat' dir='ltr'><strong>luxatis</strong></span> <span class='ocrx_word' id='word_1_27' title='bbox 507 600 537 653; x_wconf 91' lang='lat' dir='ltr'><strong>et</strong></span> <span class='ocrx_word' id='word_1_28' title='bbox 557 594 690 654; x_wconf 87' lang='lat' dir='ltr'><strong>contusis</strong></span> <span class='ocrx_word' id='word_1_29' title='bbox 708 590 843 671; x_wconf 87' lang='lat' dir='ltr'><strong>partibus</strong></span> <span class='ocrx_word' id='word_1_30' title='bbox 860 592 992 670; x_wconf 89' lang='lat' dir='ltr'><strong>prodest.</strong></span> 
     </span>
    </p>
   </div>
   <div class='ocr_carea' id='block_1_3' title="bbox 139 791 618 850">
    <p class='ocr_par' dir='ltr' id='par_1_3' title="bbox 139 791 618 850">
     <span class='ocr_line' id='line_1_6' title="bbox 139 791 618 850; baseline -0.004 0"><span class='ocrx_word' id='word_1_31' title='bbox 139 793 342 850; x_wconf 75' lang='lat' dir='ltr'>XXXVIII.</span> <span class='ocrx_word' id='word_1_32' title='bbox 374 795 423 849; x_wconf 88' lang='lat' dir='ltr'><strong>De</strong></span> <span class='ocrx_word' id='word_1_33' title='bbox 446 791 618 848; x_wconf 77' lang='lat' dir='ltr'><strong>cerefolio.</strong></span> 
     </span>
    </p>
   </div>
   <div class='ocr_carea' id='block_1_4' title="bbox 40 895 1098 1594">
    <p class='ocr_par' dir='ltr' id='par_1_4' title="bbox 40 895 1098 1347">
     <span class='ocr_line' id='line_1_7' title="bbox 40 895 1097 992; baseline 0.009 -25"><span class='ocrx_word' id='word_1_34' title='bbox 40 928 50 967; x_wconf 81' lang='lat' dir='ltr'><strong>s</strong></span> <span class='ocrx_word' id='word_1_35' title='bbox 141 910 298 972; x_wconf 85' lang='lat' dir='ltr'><strong>Cerelolio</strong></span> <span class='ocrx_word' id='word_1_36' title='bbox 321 913 408 992; x_wconf 81' lang='lat' dir='ltr'><strong>ignea</strong></span> <span class='ocrx_word' id='word_1_37' title='bbox 431 912 476 970; x_wconf 85' lang='lat' dir='ltr'><strong>vis</strong></span> <span class='ocrx_word' id='word_1_38' title='bbox 499 918 530 971; x_wconf 91' lang='lat' dir='ltr'><strong>et</strong></span> <span class='ocrx_word' id='word_1_39' title='bbox 553 913 697 971; x_wconf 90' lang='lat' dir='ltr'><strong>acerrima</strong></span> <span class='ocrx_word' id='word_1_40' title='bbox 717 918 771 972; x_wconf 89' lang='lat' dir='ltr'><strong>est.</strong></span> <span class='ocrx_word' id='word_1_41' title='bbox 799 895 903 991; x_wconf 85' lang='lat' dir='ltr'><strong>¹potest</strong></span> <span class='ocrx_word' id='word_1_42' title='bbox 921 926 1097 992; x_wconf 80' lang='lat' dir='ltr'><strong>cum(ef.Pt.</strong></span> 
     </span>
     <span class='ocr_line' id='line_1_8' title="bbox 75 998 1098 1082; baseline 0.006 -23"><span class='ocrx_word' id='word_1_43' title='bbox 75 999 161 1060; x_wconf 92' lang='lat' dir='ltr'><strong>melle</strong></span> <span class='ocrx_word' id='word_1_44' title='bbox 187 1002 359 1061; x_wconf 88' lang='lat' dir='ltr'><strong>canceratis</strong></span> <span class='ocrx_word' id='word_1_45' title='bbox 382 998 508 1080; x_wconf 84' lang='lat' dir='ltr'><strong>mederi,</strong></span> <span class='ocrx_word' id='word_1_46' title='bbox 531 999 632 1060; x_wconf 90' lang='lat' dir='ltr'><strong>lateris</strong></span> <span class='ocrx_word' id='word_1_47' title='bbox 656 998 773 1060; x_wconf 90' lang='lat' dir='ltr'><strong>dolores</strong></span> <span class='ocrx_word' id='word_1_48' title='bbox 791 999 931 1062; x_wconf 89' lang='lat' dir='ltr'><strong>baustum</strong></span> <span class='ocrx_word' id='word_1_49' title='bbox 955 1003 1098 1082; x_wconf 68' lang='lat' dir='ltr'><strong>ex19‚1l0</strong></span> 
     </span>
     <span class='ocr_line' id='line_1_9' title="bbox 75 1069 1089 1179; baseline 0.006 -33"><span class='ocrx_word' id='word_1_50' title='bbox 75 1089 142 1149; x_wconf 89' lang='lat' dir='ltr'><strong>vino</strong></span> <span class='ocrx_word' id='word_1_51' title='bbox 171 1090 325 1168; x_wconf 87' lang='lat' dir='ltr'><strong>mitigare.</strong></span> <span class='ocrx_word' id='word_1_52' title='bbox 373 1088 491 1167; x_wconf 88' lang='lat' dir='ltr'><strong>quidam</strong></span> <span class='ocrx_word' id='word_1_53' title='bbox 518 1087 591 1148; x_wconf 92' lang='lat' dir='ltr'><strong>illud</strong></span> <span class='ocrx_word' id='word_1_54' title='bbox 620 1087 685 1148; x_wconf 95' lang='lat' dir='ltr'><strong>oleo</strong></span> <span class='ocrx_word' id='word_1_55' title='bbox 714 1090 865 1149; x_wconf 90' lang='lat' dir='ltr'><strong>incoctum</strong></span> <span class='ocrx_word' id='word_1_56' title='bbox 893 1092 993 1170; x_wconf 88' lang='lat' dir='ltr'><strong>acopis</strong></span> <span class='ocrx_word' id='word_1_57' title='bbox 1003 1069 1036 1122; x_wconf 48' lang='grc' dir='ltr'><strong>ἀΰ</strong></span> <span class='ocrx_word' id='word_1_58' title='bbox 1053 1085 1089 1179; x_wconf 52' lang='lat' dir='ltr'><strong>“d&#39;&#39;</strong></span> 
     </span>
     <span class='ocr_line' id='line_1_10' title="bbox 77 1143 1098 1272; baseline 0.006 -38"><span class='ocrx_word' id='word_1_59' title='bbox 77 1177 111 1237; x_wconf 92' lang='lat' dir='ltr'><strong>ad</strong></span> <span class='ocrx_word' id='word_1_60' title='bbox 134 1177 314 1238; x_wconf 91' lang='lat' dir='ltr'><strong>solvendam</strong></span> <span class='ocrx_word' id='word_1_61' title='bbox 331 1179 471 1239; x_wconf 89' lang='lat' dir='ltr'><strong>iniuriam</strong></span> <span class='ocrx_word' id='word_1_62' title='bbox 490 1177 823 1272; x_wconf 51' lang='lat' dir='ltr'><strong>frigoris.miseuerunt.</strong></span> <span class='ocrx_word' id='word_1_63' title='bbox 861 1197 898 1239; x_wconf 83' lang='lat' dir='ltr'><strong>ex</strong></span> <span class='ocrx_word' id='word_1_64' title='bbox 917 1143 1098 1258; x_wconf 53' lang='lat' dir='ltr'><strong>aquam)</strong></span> 
     </span>
     <span class='ocr_line' id='line_1_11' title="bbox 77 1265 993 1347; baseline 0.004 -23"><span class='ocrx_word' id='word_1_65' title='bbox 77 1265 171 1326; x_wconf 86' lang='lat' dir='ltr'><strong>mulsa</strong></span> <span class='ocrx_word' id='word_1_66' title='bbox 185 1267 331 1347; x_wconf 83' lang='lat' dir='ltr'><strong>pituitam</strong></span> <span class='ocrx_word' id='word_1_67' title='bbox 345 1265 480 1347; x_wconf 85' lang='lat' dir='ltr'><strong>resolvit,</strong></span> <span class='ocrx_word' id='word_1_68' title='bbox 499 1284 535 1326; x_wconf 84' lang='lat' dir='ltr'><strong>ex</strong></span> <span class='ocrx_word' id='word_1_69' title='bbox 555 1273 638 1326; x_wconf 91' lang='lat' dir='ltr'><strong>aceto</strong></span> <span class='ocrx_word' id='word_1_70' title='bbox 658 1265 821 1326; x_wconf 82' lang='lat' dir='ltr'><strong>lumbricos</strong></span> <span class='ocrx_word' id='word_1_71' title='bbox 835 1275 866 1328; x_wconf 89' lang='lat' dir='ltr'><strong>et</strong></span> <span class='ocrx_word' id='word_1_72' title='bbox 880 1271 993 1330; x_wconf 90' lang='lat' dir='ltr'><strong>taenias</strong></span> 
     </span>
    </p>

    <p class='ocr_par' dir='ltr' id='par_1_5' title="bbox 44 1354 993 1594">
     <span class='ocr_line' id='line_1_12' title="bbox 44 1354 993 1437; baseline 0.009 -29"><span class='ocrx_word' id='word_1_73' title='bbox 44 1372 66 1410; x_wconf 83' lang='lat' dir='ltr'><strong>m</strong></span> <span class='ocrx_word' id='word_1_74' title='bbox 77 1357 212 1437; x_wconf 86' lang='lat' dir='ltr'><strong>perimit,</strong></span> <span class='ocrx_word' id='word_1_75' title='bbox 238 1357 358 1416; x_wconf 91' lang='lat' dir='ltr'><strong>urinam</strong></span> <span class='ocrx_word' id='word_1_76' title='bbox 377 1357 449 1436; x_wconf 84' lang='lat' dir='ltr'><strong>ciet,</strong></span> <span class='ocrx_word' id='word_1_77' title='bbox 472 1362 626 1415; x_wconf 90' lang='lat' dir='ltr'><strong>menstrua</strong></span> <span class='ocrx_word' id='word_1_78' title='bbox 648 1354 771 1434; x_wconf 90' lang='lat' dir='ltr'><strong>inpellit.</strong></span> <span class='ocrx_word' id='word_1_79' title='bbox 800 1357 904 1416; x_wconf 90' lang='lat' dir='ltr'><strong>tritum</strong></span> <span class='ocrx_word' id='word_1_80' title='bbox 923 1375 993 1417; x_wconf 89' lang='lat' dir='ltr'><strong>cum</strong></span> 
     </span>
     <span class='ocr_line' id='line_1_13' title="bbox 79 1442 993 1525; baseline 0.004 -24"><span class='ocrx_word' id='word_1_81' title='bbox 79 1459 145 1503; x_wconf 90' lang='lat' dir='ltr'><strong>cera</strong></span> <span class='ocrx_word' id='word_1_82' title='bbox 178 1452 211 1505; x_wconf 92' lang='lat' dir='ltr'><strong>et</strong></span> <span class='ocrx_word' id='word_1_83' title='bbox 250 1445 377 1522; x_wconf 78' lang='lat' dir='ltr'><strong>axungia</strong></span> <span class='ocrx_word' id='word_1_84' title='bbox 409 1451 509 1504; x_wconf 90' lang='lat' dir='ltr'><strong>vetere</strong></span> <span class='ocrx_word' id='word_1_85' title='bbox 546 1442 697 1523; x_wconf 84' lang='lat' dir='ltr'><strong>parotidas</strong></span> <span class='ocrx_word' id='word_1_86' title='bbox 734 1442 869 1525; x_wconf 82' lang='lat' dir='ltr'><strong>discutit,</strong></span> <span class='ocrx_word' id='word_1_87' title='bbox 904 1444 993 1505; x_wconf 88' lang='lat' dir='ltr'><strong>solvit</strong></span> 
     </span>
     <span class='ocr_line' id='line_1_14' title="bbox 79 1541 384 1594; baseline 0.01 -6"><span class='ocrx_word' id='word_1_88' title='bbox 79 1548 197 1594; x_wconf 89' lang='lat' dir='ltr'><strong>omnem</strong></span> <span class='ocrx_word' id='word_1_89' title='bbox 222 1541 384 1594; x_wconf 91' lang='lat' dir='ltr'><strong>tumorem.</strong></span> 
     </span>
    </p>
   </div>
   <div class='ocr_carea' id='block_1_5' title="bbox 143 1707 1118 1847">
    <p class='ocr_par' dir='ltr' id='par_1_6' title="bbox 143 1707 1118 1847">
     <span class='ocr_line' id='line_1_15' title="bbox 143 1707 1118 1847; baseline -0.01 -74"><span class='ocrx_word' id='word_1_90' title='bbox 143 1714 360 1772; x_wconf 79' lang='lat' dir='ltr'><strong>xxxvlm.</strong></span> <span class='ocrx_word' id='word_1_91' title='bbox 392 1717 441 1771; x_wconf 89' lang='lat' dir='ltr'><strong>De</strong></span> <span class='ocrx_word' id='word_1_92' title='bbox 464 1714 626 1786; x_wconf 75' lang='lat' dir='ltr'><strong>serpyllo.</strong></span> <span class='ocrx_word' id='word_1_93' title='bbox 1002 1783 1018 1831; x_wconf 79' lang='lat'><strong>2</strong></span> <span class='ocrx_word' id='word_1_94' title='bbox 1020 1707 1089 1847; x_wconf 51' lang='lat'><strong>0130</strong></span> <span class='ocrx_word' id='word_1_95' title='bbox 1116 1789 1118 1792; x_wconf 16' lang='grc' dir='ltr'>Ι</span> 
     </span>
    </p>
   </div>
   <div class='ocr_carea' id='block_1_6' title="bbox 146 1811 991 1915">
    <p class='ocr_par' dir='ltr' id='par_1_7' title="bbox 146 1811 991 1915">
     <span class='ocr_line' id='line_1_16' title="bbox 146 1811 991 1915; baseline 0.001 -21"><span class='ocrx_word' id='word_1_96' title='bbox 146 1833 322 1915; x_wconf 82' lang='lat' dir='ltr'><strong>Serpyllum</strong></span> <span class='ocrx_word' id='word_1_97' title='bbox 340 1833 467 1895; x_wconf 85' lang='lat' dir='ltr'><strong>calidum</strong></span> <span class='ocrx_word' id='word_1_98' title='bbox 482 1811 569 1895; x_wconf 90' lang='lat' dir='ltr'><strong>simul</strong></span> <span class='ocrx_word' id='word_1_99' title='bbox 588 1841 619 1894; x_wconf 93' lang='lat' dir='ltr'><strong>et</strong></span> <span class='ocrx_word' id='word_1_100' title='bbox 637 1833 722 1896; x_wconf 89' lang='lat' dir='ltr'><strong>nobis</strong></span> <span class='ocrx_word' id='word_1_101' title='bbox 741 1833 813 1894; x_wconf 89' lang='lat' dir='ltr'><strong>utile</strong></span> <span class='ocrx_word' id='word_1_102' title='bbox 828 1833 991 1896; x_wconf 83' lang='lat' dir='ltr'><strong>medicinae</strong></span> 
     </span>
    </p>
   </div>
   <div class='ocr_carea' id='block_1_7' title="bbox 53 1923 993 2095">
    <p class='ocr_par' dir='ltr' id='par_1_8' title="bbox 53 1923 993 2095">
     <span class='ocr_line' id='line_1_17' title="bbox 83 1923 993 2002; baseline 0.009 -24"><span class='ocrx_word' id='word_1_103' title='bbox 83 1937 153 1982; x_wconf 90' lang='lat' dir='ltr'><strong>usus</strong></span> <span class='ocrx_word' id='word_1_104' title='bbox 176 1923 322 1985; x_wconf 88' lang='lat' dir='ltr'><strong>ostendit.</strong></span> <span class='ocrx_word' id='word_1_105' title='bbox 365 1925 469 2002; x_wconf 88' lang='lat' dir='ltr'><strong>eapitis</strong></span> <span class='ocrx_word' id='word_1_106' title='bbox 497 1923 615 1984; x_wconf 90' lang='lat' dir='ltr'><strong>dolores</strong></span> <span class='ocrx_word' id='word_1_107' title='bbox 642 1929 761 1984; x_wconf 90' lang='lat' dir='ltr'><strong>coctum</strong></span> <span class='ocrx_word' id='word_1_108' title='bbox 785 1941 822 1983; x_wconf 83' lang='lat' dir='ltr'><strong>ex</strong></span> <span class='ocrx_word' id='word_1_109' title='bbox 850 1931 934 1984; x_wconf 90' lang='lat' dir='ltr'><strong>aceto</strong></span> <span class='ocrx_word' id='word_1_110' title='bbox 962 1932 993 1986; x_wconf 91' lang='lat' dir='ltr'><strong>et</strong></span> 
     </span>
     <span class='ocr_line' id='line_1_18' title="bbox 53 2010 991 2095; baseline 0.01 -32"><span class='ocrx_word' id='word_1_111' title='bbox 53 2025 150 2071; x_wconf 83' lang='lat' dir='ltr'><strong>ocum</strong></span> <span class='ocrx_word' id='word_1_112' title='bbox 171 2030 301 2074; x_wconf 88' lang='lat' dir='ltr'><strong>rosaceo</strong></span> <span class='ocrx_word' id='word_1_113' title='bbox 324 2015 452 2092; x_wconf 91' lang='lat' dir='ltr'><strong>tempori</strong></span> <span class='ocrx_word' id='word_1_114' title='bbox 469 2031 503 2095; x_wconf 84' lang='lat' dir='ltr'><strong>ac</strong></span> <span class='ocrx_word' id='word_1_115' title='bbox 527 2013 618 2072; x_wconf 90' lang='lat' dir='ltr'><strong>lronti</strong></span> <span class='ocrx_word' id='word_1_116' title='bbox 636 2010 754 2072; x_wconf 89' lang='lat' dir='ltr'><strong>inlitum</strong></span> <span class='ocrx_word' id='word_1_117' title='bbox 774 2013 897 2090; x_wconf 79' lang='lat' dir='ltr'><strong>mitigat.</strong></span> <span class='ocrx_word' id='word_1_118' title='bbox 930 2029 991 2072; x_wconf 86' lang='lat' dir='ltr'><strong>ser·</strong></span> 
     </span>
    </p>
   </div>
   <div class='ocr_carea' id='block_1_8' title="bbox 85 2196 299 2212">
    <p class='ocr_par' dir='ltr' id='par_1_9' title="bbox 85 2196 299 2212">
     <span class='ocr_line' id='line_1_19' title="bbox 85 2196 299 2212; baseline 0 0"><span class='ocrx_word' id='word_1_119' title='bbox 85 2196 299 2212; x_wconf 32' lang='grc' dir='ltr'>*κο-.-</span> 
     </span>
    </p>
   </div>
   <div class='ocr_carea' id='block_1_9' title="bbox 55 2257 1099 2841">
    <p class='ocr_par' dir='ltr' id='par_1_10' title="bbox 55 2257 1099 2841">
     <span class='ocr_line' id='line_1_20' title="bbox 146 2257 1068 2335; baseline -0.002 -20"><span class='ocrx_word' id='word_1_120' title='bbox 146 2257 314 2335; x_wconf 75' lang='lat' dir='ltr'><strong>briganum,</strong></span> <span class='ocrx_word' id='word_1_121' title='bbox 337 2261 390 2318; x_wconf 88' lang='lat' dir='ltr'><strong>hoc</strong></span> <span class='ocrx_word' id='word_1_122' title='bbox 405 2269 447 2317; x_wconf 89' lang='lat' dir='ltr'><strong>est</strong></span> <span class='ocrx_word' id='word_1_123' title='bbox 462 2260 573 2332; x_wconf 81' lang='lat' dir='ltr'><strong>toneia,</strong></span> <span class='ocrx_word' id='word_1_124' title='bbox 595 2257 712 2314; x_wconf 86' lang='lat' dir='ltr'><strong>calidum</strong></span> <span class='ocrx_word' id='word_1_125' title='bbox 726 2265 785 2332; x_wconf 82' lang='lat' dir='ltr'><strong>est,</strong></span> <span class='ocrx_word' id='word_1_126' title='bbox 808 2267 836 2315; x_wconf 84' lang='lat' dir='ltr'><strong>et</strong></span> <span class='ocrx_word' id='word_1_127' title='bbox 850 2259 990 2332; x_wconf 82' lang='lat' dir='ltr'><strong>mingitur,</strong></span> <span class='ocrx_word' id='word_1_128' title='bbox 1024 2259 1068 2328; x_wconf 85' lang='lat' dir='ltr'><strong>(ef.</strong></span> 
     </span>
     <span class='ocr_line' id='line_1_21' title="bbox 87 2328 1098 2419; baseline 0.007 -27"><span class='ocrx_word' id='word_1_129' title='bbox 87 2337 191 2399; x_wconf 84' lang='lat' dir='ltr'><strong>deducit</strong></span> <span class='ocrx_word' id='word_1_130' title='bbox 213 2346 296 2402; x_wconf 90' lang='lat' dir='ltr'><strong>etiam</strong></span> <span class='ocrx_word' id='word_1_131' title='bbox 319 2340 426 2419; x_wconf 71' lang='lat' dir='ltr'><strong>llegma&#39;.</strong></span> <span class='ocrx_word' id='word_1_132' title='bbox 464 2343 530 2400; x_wconf 83' lang='lat' dir='ltr'><strong>elixa</strong></span> <span class='ocrx_word' id='word_1_133' title='bbox 552 2345 665 2417; x_wconf 84' lang='lat' dir='ltr'><strong>ineque</strong></span> <span class='ocrx_word' id='word_1_134' title='bbox 686 2352 752 2419; x_wconf 86' lang='lat' dir='ltr'><strong>pota</strong></span> <span class='ocrx_word' id='word_1_135' title='bbox 774 2343 909 2400; x_wconf 77' lang='lat' dir='ltr'><strong>servorem</strong></span> <span class='ocrx_word' id='word_1_136' title='bbox 933 2328 1098 2400; x_wconf 66' lang='lat' dir='ltr'><strong>omAlioed·</strong></span> 
     </span>
     <span class='ocr_line' id='line_1_22' title="bbox 86 2403 1099 2504; baseline 0.003 -22"><span class='ocrx_word' id='word_1_137' title='bbox 86 2437 144 2482; x_wconf 79' lang='lat' dir='ltr'><strong>nem</strong></span> <span class='ocrx_word' id='word_1_138' title='bbox 165 2430 308 2504; x_wconf 80' lang='lat' dir='ltr'><strong>sanguinis</strong></span> <span class='ocrx_word' id='word_1_139' title='bbox 337 2438 365 2485; x_wconf 89' lang='lat' dir='ltr'><strong>et</strong></span> <span class='ocrx_word' id='word_1_140' title='bbox 392 2428 509 2486; x_wconf 85' lang='lat' dir='ltr'><strong>coleram</strong></span> <span class='ocrx_word' id='word_1_141' title='bbox 535 2429 691 2502; x_wconf 82' lang='lat' dir='ltr'><strong>compescit.</strong></span> <span class='ocrx_word' id='word_1_142' title='bbox 729 2429 860 2486; x_wconf 83' lang='lat' dir='ltr'><strong>elixatnra</strong></span> <span class='ocrx_word' id='word_1_143' title='bbox 882 2429 939 2486; x_wconf 87' lang='lat' dir='ltr'><strong>eius</strong></span> <span class='ocrx_word' id='word_1_144' title='bbox 962 2403 1099 2485; x_wconf 67' lang='lat' dir='ltr'><strong>in¹&#39;’¹2³)&#39;</strong></span> 
     </span>
     <span class='ocr_line' id='line_1_23' title="bbox 88 2511 993 2588; baseline 0.003 -24"><span class='ocrx_word' id='word_1_145' title='bbox 88 2521 153 2580; x_wconf 78' lang='lat' dir='ltr'><strong>aqua</strong></span> <span class='ocrx_word' id='word_1_146' title='bbox 168 2522 248 2570; x_wconf 89' lang='lat' dir='ltr'><strong>eoeta</strong></span> <span class='ocrx_word' id='word_1_147' title='bbox 271 2515 383 2587; x_wconf 88' lang='lat' dir='ltr'><strong>epatieis</strong></span> <span class='ocrx_word' id='word_1_148' title='bbox 403 2522 431 2570; x_wconf 86' lang='lat' dir='ltr'><strong>et</strong></span> <span class='ocrx_word' id='word_1_149' title='bbox 453 2512 632 2570; x_wconf 84' lang='lat' dir='ltr'><strong>tussientibus</strong></span> <span class='ocrx_word' id='word_1_150' title='bbox 654 2511 776 2588; x_wconf 88' lang='lat' dir='ltr'><strong>prodest.</strong></span> <span class='ocrx_word' id='word_1_151' title='bbox 808 2515 917 2570; x_wconf 76' lang='lat' dir='ltr'><strong>euvino</strong></span> <span class='ocrx_word' id='word_1_152' title='bbox 933 2511 993 2568; x_wconf 88' lang='lat' dir='ltr'><strong>albo</strong></span> 
     </span>
     <span class='ocr_line' id='line_1_24' title="bbox 55 2597 992 2673; baseline 0.01 -29"><span class='ocrx_word' id='word_1_153' title='bbox 55 2600 192 2653; x_wconf 83' lang='lat' dir='ltr'><strong>mucetum</strong></span> <span class='ocrx_word' id='word_1_154' title='bbox 214 2606 340 2673; x_wconf 89' lang='lat' dir='ltr'><strong>potatum</strong></span> <span class='ocrx_word' id='word_1_155' title='bbox 362 2600 536 2672; x_wconf 88' lang='lat' dir='ltr'><strong>scorpionum</strong></span> <span class='ocrx_word' id='word_1_156' title='bbox 560 2606 587 2654; x_wconf 91' lang='lat' dir='ltr'><strong>et</strong></span> <span class='ocrx_word' id='word_1_157' title='bbox 602 2614 761 2655; x_wconf 84' lang='lat' dir='ltr'><strong>araneorum</strong></span> <span class='ocrx_word' id='word_1_158' title='bbox 783 2599 854 2654; x_wconf 89' lang='lat' dir='ltr'><strong>ictus</strong></span> <span class='ocrx_word' id='word_1_159' title='bbox 876 2597 992 2670; x_wconf 78' lang='lat' dir='ltr'><strong>mitigat.</strong></span> 
     </span>
     <span class='ocr_line' id='line_1_25' title="bbox 87 2673 993 2756; baseline 0.001 -21"><span class='ocrx_word' id='word_1_160' title='bbox 87 2673 112 2730; x_wconf 80' lang='lat' dir='ltr'><strong>in</strong></span> <span class='ocrx_word' id='word_1_161' title='bbox 133 2678 195 2738; x_wconf 93' lang='lat' dir='ltr'><strong>oleo</strong></span> <span class='ocrx_word' id='word_1_162' title='bbox 220 2691 248 2740; x_wconf 93' lang='lat' dir='ltr'><strong>et</strong></span> <span class='ocrx_word' id='word_1_163' title='bbox 263 2692 340 2740; x_wconf 87' lang='lat' dir='ltr'><strong>aceto</strong></span> <span class='ocrx_word' id='word_1_164' title='bbox 355 2691 462 2740; x_wconf 87' lang='lat' dir='ltr'><strong>coctum</strong></span> <span class='ocrx_word' id='word_1_165' title='bbox 484 2685 511 2740; x_wconf 93' lang='lat' dir='ltr'><strong>iu</strong></span> <span class='ocrx_word' id='word_1_166' title='bbox 533 2683 595 2740; x_wconf 89' lang='lat' dir='ltr'><strong>lana</strong></span> <span class='ocrx_word' id='word_1_167' title='bbox 609 2682 703 2741; x_wconf 87' lang='lat' dir='ltr'><strong>suelda</strong></span> <span class='ocrx_word' id='word_1_168' title='bbox 725 2681 874 2756; x_wconf 84' lang='lat' dir='ltr'><strong>imponitur</strong></span> <span class='ocrx_word' id='word_1_169' title='bbox 895 2680 993 2736; x_wconf 79' lang='lat' dir='ltr'><strong>luxatis</strong></span> 
     </span>
     <span class='ocr_line' id='line_1_26' title="bbox 90 2761 407 2841; baseline 0.022 -23"><span class='ocrx_word' id='word_1_170' title='bbox 90 2766 116 2814; x_wconf 78' lang='lat' dir='ltr'><strong>et</strong></span> <span class='ocrx_word' id='word_1_171' title='bbox 134 2761 263 2824; x_wconf 78' lang='lat' dir='ltr'><strong>fracturis</strong></span> <span class='ocrx_word' id='word_1_172' title='bbox 285 2767 407 2841; x_wconf 83' lang='lat' dir='ltr'><strong>prodest.</strong></span> 
     </span>
    </p>
   </div>
   <div class='ocr_carea' id='block_1_10' title="bbox 89 2872 300 2892">
    <p class='ocr_par' dir='ltr' id='par_1_11' title="bbox 89 2872 300 2892">
     <span class='ocr_line' id='line_1_27' title="bbox 89 2872 300 2892; baseline 0 0"><span class='ocrx_word' id='word_1_173' title='bbox 89 2872 300 2892; x_wconf 30' lang='lat' dir='ltr'><strong>*Q—</strong></span> 
     </span>
    </p>
   </div>
   <div class='ocr_carea' id='block_1_11' title="bbox 92 3003 1102 3573">
    <p class='ocr_par' dir='ltr' id='par_1_12' title="bbox 92 3003 1102 3573">
     <span class='ocr_line' id='line_1_28' title="bbox 159 3003 1100 3075; baseline 0.005 -19"><span class='ocrx_word' id='word_1_174' title='bbox 159 3009 172 3056; x_wconf 93' lang='lat'>1</span> <span class='ocrx_word' id='word_1_175' title='bbox 191 3021 357 3060; x_wconf 72' lang='lat' dir='ltr'><strong>araneorum</strong></span> <span class='ocrx_word' id='word_1_176' title='bbox 371 3021 422 3075; x_wconf 75' lang='lat' dir='ltr'><strong>pe:</strong></span> <span class='ocrx_word' id='word_1_177' title='bbox 441 3021 569 3060; x_wconf 80' lang='lat' dir='ltr'><strong>-nearum</strong></span> <span class='ocrx_word' id='word_1_178' title='bbox 587 3005 672 3074; x_wconf 73' lang='lat' dir='ltr'><strong>abd).</strong></span> <span class='ocrx_word' id='word_1_179' title='bbox 719 3010 735 3058; x_wconf 79' lang='lat'><strong>2</strong></span> <span class='ocrx_word' id='word_1_180' title='bbox 755 3003 923 3058; x_wconf 81' lang='lat' dir='ltr'><strong>eruditatem</strong></span> <span class='ocrx_word' id='word_1_181' title='bbox 938 3005 955 3058; x_wconf 88' lang='lat' dir='ltr'><strong>l.</strong></span> <span class='ocrx_word' id='word_1_182' title='bbox 972 3005 977 3074; x_wconf 91' lang='grc' dir='ltr'>Ι</span> <span class='ocrx_word' id='word_1_183' title='bbox 992 3021 1100 3061; x_wconf 81' lang='lat' dir='ltr'><strong>morsus</strong></span> 
     </span>
     <span class='ocr_line' id='line_1_29' title="bbox 92 3067 1099 3146; baseline 0.007 -20"><span class='ocrx_word' id='word_1_184' title='bbox 92 3067 282 3132; x_wconf 71' lang='lat' dir='ltr'><strong>tlcmsobirb.</strong></span> <span class='ocrx_word' id='word_1_185' title='bbox 329 3076 485 3131; x_wconf 72' lang='lat' dir='ltr'><strong>tleuxetis</strong></span> <span class='ocrx_word' id='word_1_186' title='bbox 503 3077 563 3146; x_wconf 84' lang='lat' dir='ltr'><strong>(eie)</strong></span> <span class='ocrx_word' id='word_1_187' title='bbox 581 3093 606 3146; x_wconf 79' lang='lat'><strong>9.</strong></span> <span class='ocrx_word' id='word_1_188' title='bbox 654 3075 825 3132; x_wconf 75' lang='lat' dir='ltr'><strong>svisecvn</strong></span> <span class='ocrx_word' id='word_1_189' title='bbox 844 3074 887 3131; x_wconf 82' lang='lat' dir='ltr'><strong>vie</strong></span> <span class='ocrx_word' id='word_1_190' title='bbox 904 3077 948 3130; x_wconf 76' lang='lat' dir='ltr'><strong>est</strong></span> <span class='ocrx_word' id='word_1_191' title='bbox 965 3077 1099 3146; x_wconf 76' lang='lat' dir='ltr'><strong>etrblp).</strong></span> 
     </span>
     <span class='ocr_line' id='line_1_30' title="bbox 111 3143 1102 3220; baseline 0.001 -19"><span class='ocrx_word' id='word_1_192' title='bbox 111 3147 140 3220; x_wconf 46' lang='grc'><strong>,6</strong></span> <span class='ocrx_word' id='word_1_193' title='bbox 158 3143 309 3217; x_wconf 80' lang='lat' dir='ltr'><strong>laterisque</strong></span> <span class='ocrx_word' id='word_1_194' title='bbox 327 3148 344 3202; x_wconf 91' lang='lat' dir='ltr'><strong>l.</strong></span> <span class='ocrx_word' id='word_1_195' title='bbox 400 3153 415 3202; x_wconf 80' lang='lat' dir='ltr'><strong>&#39;l</strong></span> <span class='ocrx_word' id='word_1_196' title='bbox 435 3146 557 3214; x_wconf 81' lang='lat' dir='ltr'><strong>Quidem</strong></span> <span class='ocrx_word' id='word_1_197' title='bbox 574 3163 641 3202; x_wconf 88' lang='lat' dir='ltr'><strong>vero</strong></span> <span class='ocrx_word' id='word_1_198' title='bbox 658 3147 676 3202; x_wconf 91' lang='lat' dir='ltr'><strong>i.</strong></span> <span class='ocrx_word' id='word_1_199' title='bbox 696 3147 740 3202; x_wconf 85' lang='lat' dir='ltr'><strong>rb.</strong></span> <span class='ocrx_word' id='word_1_200' title='bbox 763 3149 767 3215; x_wconf 93' lang='grc' dir='ltr'>Ι</span> <span class='ocrx_word' id='word_1_201' title='bbox 789 3146 807 3202; x_wconf 74' lang='lat' dir='ltr'><strong>t</strong></span> <span class='ocrx_word' id='word_1_202' title='bbox 826 3145 968 3202; x_wconf 83' lang='lat' dir='ltr'><strong>incoctum</strong></span> <span class='ocrx_word' id='word_1_203' title='bbox 987 3147 1049 3202; x_wconf 91' lang='lat' dir='ltr'><strong>oleo</strong></span> <span class='ocrx_word' id='word_1_204' title='bbox 1068 3163 1102 3202; x_wconf 86' lang='lat' dir='ltr'><strong>ac</strong></span> 
     </span>
     <span class='ocr_line' id='line_1_31' title="bbox 92 3217 1101 3289; baseline -0.005 -13"><span class='ocrx_word' id='word_1_205' title='bbox 92 3222 151 3276; x_wconf 63' lang='grc' dir='ltr'><strong>ΡΜ</strong></span> <span class='ocrx_word' id='word_1_206' title='bbox 168 3217 234 3287; x_wconf 81' lang='lat' dir='ltr'><strong>(pro</strong></span> <span class='ocrx_word' id='word_1_207' title='bbox 252 3219 359 3289; x_wconf 86' lang='lat' dir='ltr'><strong>acopis)</strong></span> <span class='ocrx_word' id='word_1_208' title='bbox 377 3218 413 3274; x_wconf 82' lang='lat' dir='ltr'><strong>sd</strong></span> <span class='ocrx_word' id='word_1_209' title='bbox 432 3236 453 3276; x_wconf 88' lang='lat' dir='ltr'><strong>s.</strong></span> <span class='ocrx_word' id='word_1_210' title='bbox 473 3217 490 3273; x_wconf 77' lang='lat' dir='ltr'><strong>l,</strong></span> <span class='ocrx_word' id='word_1_211' title='bbox 554 3217 725 3273; x_wconf 68' lang='lat' dir='ltr'><strong>emiscuere</strong></span> <span class='ocrx_word' id='word_1_212' title='bbox 743 3218 788 3272; x_wconf 82' lang='lat' dir='ltr'><strong>rb.</strong></span> <span class='ocrx_word' id='word_1_213' title='bbox 814 3219 818 3288; x_wconf 89' lang='grc' dir='ltr'>Ι</span> <span class='ocrx_word' id='word_1_214' title='bbox 843 3217 886 3271; x_wconf 81' lang='lat' dir='ltr'><strong>Ex</strong></span> <span class='ocrx_word' id='word_1_215' title='bbox 908 3234 982 3287; x_wconf 82' lang='lat' dir='ltr'><strong>equa</strong></span> <span class='ocrx_word' id='word_1_216' title='bbox 1006 3220 1101 3272; x_wconf 85' lang='lat' dir='ltr'><strong>eutem</strong></span> 
     </span>
     <span class='ocr_line' id='line_1_32' title="bbox 93 3287 1102 3360; baseline 0.004 -20"><span class='ocrx_word' id='word_1_217' title='bbox 93 3293 127 3333; x_wconf 88' lang='lat' dir='ltr'><strong>m.</strong></span> <span class='ocrx_word' id='word_1_218' title='bbox 139 3287 182 3340; x_wconf 73' lang='lat' dir='ltr'><strong>ab.</strong></span> <span class='ocrx_word' id='word_1_219' title='bbox 229 3295 245 3344; x_wconf 84' lang='lat'>9</span> <span class='ocrx_word' id='word_1_220' title='bbox 263 3290 355 3346; x_wconf 80' lang='lat' dir='ltr'><strong>tineas</strong></span> <span class='ocrx_word' id='word_1_221' title='bbox 368 3290 486 3360; x_wconf 66' lang='lat' dir='ltr'><strong>pede),</strong></span> <span class='ocrx_word' id='word_1_222' title='bbox 505 3291 606 3359; x_wconf 76' lang='lat' dir='ltr'><strong>cyneas</strong></span> <span class='ocrx_word' id='word_1_223' title='bbox 623 3291 641 3344; x_wconf 86' lang='lat' dir='ltr'><strong>l.</strong></span> <span class='ocrx_word' id='word_1_224' title='bbox 688 3293 721 3342; x_wconf 92' lang='lat'><strong>10</strong></span> <span class='ocrx_word' id='word_1_225' title='bbox 739 3288 863 3360; x_wconf 83' lang='lat' dir='ltr'><strong>impellit</strong></span> <span class='ocrx_word' id='word_1_226' title='bbox 879 3289 924 3344; x_wconf 78' lang='lat' dir='ltr'><strong>bie</strong></span> <span class='ocrx_word' id='word_1_227' title='bbox 936 3303 987 3358; x_wconf 71' lang='lat' dir='ltr'><strong>qo:</strong></span> <span class='ocrx_word' id='word_1_228' title='bbox 1006 3288 1102 3357; x_wconf 83' lang='lat' dir='ltr'><strong>-pallit</strong></span> 
     </span>
     <span class='ocr_line' id='line_1_33' title="bbox 95 3347 1064 3430; baseline -0.006 -12"><span class='ocrx_word' id='word_1_229' title='bbox 95 3347 173 3424; x_wconf 57' lang='grc' dir='ltr'><strong>Μ).</strong></span> <span class='ocrx_word' id='word_1_230' title='bbox 195 3362 200 3427; x_wconf 90' lang='grc' dir='ltr'>Ι</span> <span class='ocrx_word' id='word_1_231' title='bbox 225 3377 288 3416; x_wconf 89' lang='lat' dir='ltr'><strong>eum</strong></span> <span class='ocrx_word' id='word_1_232' title='bbox 311 3377 361 3416; x_wconf 75' lang='lat' dir='ltr'><strong>orn.</strong></span> <span class='ocrx_word' id='word_1_233' title='bbox 382 3363 398 3415; x_wconf 77' lang='lat' dir='ltr'><strong>l,</strong></span> <span class='ocrx_word' id='word_1_234' title='bbox 456 3368 488 3416; x_wconf 87' lang='lat'><strong>11</strong></span> <span class='ocrx_word' id='word_1_235' title='bbox 508 3362 687 3430; x_wconf 63' lang='lat' dir='ltr'><strong>veterescit</strong></span> <span class='ocrx_word' id='word_1_236' title='bbox 710 3361 746 3415; x_wconf 91' lang='lat' dir='ltr'><strong>·ri</strong></span> <span class='ocrx_word' id='word_1_237' title='bbox 763 3361 808 3416; x_wconf 84' lang='lat' dir='ltr'><strong>rb.</strong></span> <span class='ocrx_word' id='word_1_238' title='bbox 830 3363 835 3430; x_wconf 89' lang='grc'>1</span> <span class='ocrx_word' id='word_1_239' title='bbox 860 3357 1000 3428; x_wconf 81' lang='lat' dir='ltr'><strong>solvitque</strong></span> <span class='ocrx_word' id='word_1_240' title='bbox 1019 3359 1064 3414; x_wconf 83' lang='lat' dir='ltr'><strong>rb.</strong></span> 
     </span>
     <span class='ocr_line' id='line_1_34' title="bbox 96 3425 1065 3503; baseline 0.006 -23"><span class='ocrx_word' id='word_1_241' title='bbox 96 3425 126 3474; x_wconf 83' lang='lat'><strong>12</strong></span> <span class='ocrx_word' id='word_1_242' title='bbox 143 3427 270 3486; x_wconf 83' lang='lat' dir='ltr'><strong>timorem</strong></span> <span class='ocrx_word' id='word_1_243' title='bbox 284 3433 344 3502; x_wconf 82' lang='lat' dir='ltr'><strong>(eie)</strong></span> <span class='ocrx_word' id='word_1_244' title='bbox 358 3449 381 3487; x_wconf 87' lang='lat' dir='ltr'><strong>o.</strong></span> <span class='ocrx_word' id='word_1_245' title='bbox 429 3437 463 3486; x_wconf 86' lang='grc'><strong>13</strong></span> <span class='ocrx_word' id='word_1_246' title='bbox 483 3431 643 3503; x_wconf 74' lang='lat' dir='ltr'><strong>serpyllum</strong></span> <span class='ocrx_word' id='word_1_247' title='bbox 657 3433 716 3503; x_wconf 83' lang='lat' dir='ltr'><strong>(eie)</strong></span> <span class='ocrx_word' id='word_1_248' title='bbox 731 3447 777 3503; x_wconf 77' lang='lat' dir='ltr'><strong>po.</strong></span> <span class='ocrx_word' id='word_1_249' title='bbox 800 3435 805 3500; x_wconf 79' lang='grc'>1</span> <span class='ocrx_word' id='word_1_250' title='bbox 830 3431 859 3486; x_wconf 81' lang='lat' dir='ltr'><strong>et</strong></span> <span class='ocrx_word' id='word_1_251' title='bbox 871 3429 936 3500; x_wconf 76' lang='lat' dir='ltr'><strong>pol:</strong></span> <span class='ocrx_word' id='word_1_252' title='bbox 955 3445 1005 3486; x_wconf 83' lang='lat' dir='ltr'><strong>om.</strong></span> <span class='ocrx_word' id='word_1_253' title='bbox 1019 3430 1065 3486; x_wconf 84' lang='lat' dir='ltr'><strong>rb.</strong></span> 
     </span>
     <span class='ocr_line' id='line_1_35' title="bbox 98 3495 424 3573; baseline 0.034 -26"><span class='ocrx_word' id='word_1_254' title='bbox 98 3495 128 3547; x_wconf 78' lang='lat' dir='ltr'><strong>lo</strong></span> <span class='ocrx_word' id='word_1_255' title='bbox 145 3513 207 3556; x_wconf 89' lang='lat' dir='ltr'><strong>eum</strong></span> <span class='ocrx_word' id='word_1_256' title='bbox 224 3505 289 3573; x_wconf 73' lang='lat' dir='ltr'><strong>pol:</strong></span> <span class='ocrx_word' id='word_1_257' title='bbox 309 3519 360 3560; x_wconf 83' lang='lat' dir='ltr'><strong>om.</strong></span> <span class='ocrx_word' id='word_1_258' title='bbox 379 3503 424 3559; x_wconf 85' lang='lat' dir='ltr'><strong>rb.</strong></span> 
     </span>
    </p>
   </div>
   <div class='ocr_carea' id='block_1_12' title="bbox 0 0 1304 3886">
    <p class='ocr_par' dir='ltr' id='par_1_13' title="bbox 0 0 1304 3886">
     <span class='ocr_line' id='line_1_36' title="bbox 0 0 1304 3886; baseline 0 0"><span class='ocrx_word' id='word_1_259' title='bbox 0 0 1304 3886; x_wconf 95' lang='lat' dir='ltr'><strong> </strong></span> 
     </span>
    </p>
   </div>
  </div>
 </body>
</html>
