2654 3878
519 150 738 215 „57ss

114 314 201 376 aceti
221 313 349 373 sextario
377 313 581 392 imponuntur,
618 312 705 373 haedi
732 312 792 374 lien
816 315 868 373 im·

112 403 238 481 positus
260 401 340 461 idom
357 408 496 480 praestat.
533 401 648 463 radices
671 401 768 463 ‘violae
791 400 869 487 lotae
899 411 1003 475 estol.

114 509 160 552 ex
187 497 269 551 aceto
296 489 472 551 inlinuntur.
509 492 617 570 agarici
645 489 724 552 oholi
751 490 810 552 duo
839 493 870 551 in
899 501 1003 563 21‚1o1.

114 587 205 640 aceto
228 577 324 640 mulso
347 580 411 658 poti
432 596 488 659 per
515 580 579 641 dics
602 593 666 640 xxt
689 587 872 641 consumunt
900 590 986 652 2636.

84 668 238 730 olicncm.

190 845 203 893 1
219 823 291 896 acad
309 840 335 894 d.
362 841 366 908 Ι
391 839 571 910 imponantur
590 839 618 908 b,
643 840 725 893 -uunt
748 838 774 894 d.
801 840 805 908 t
834 837 930 894 Hehdr
945 839 950 907 Ι
967 838 1041 896 enim
1065 838 1140 910 posi·
1235 889 1240 908 ,

115 913 166 966 cus
187 911 246 980 (sic)
266 911 293 966 d.
334 916 350 964 3
369 909 527 966 inlinuntur
540 911 654 981 (Ptin.):
673 910 857 980 imponuntur
870 926 901 980 9,
919 909 1139 966 illiniunturdb.

156 987 175 1035 4
192 998 242 1052 per
259 981 320 1036 dics
332 1001 380 1036 m
394 981 507 1052 (viginti
521 983 547 1051 b)
565 983 618 1052 od:
637 998 687 1036 orn.
704 981 749 1036 Pl.
794 981 866 1036 cdd
888 982 938 1036 hoc
956 983 1021 1037 inde
1039 983 1096 1038 ioco
1113 983 1142 1038 si

117 1053 239 1107 indicem
253 1053 337 1106 hnins
350 1053 417 1107 tetri
429 1068 567 1122 compares
580 1053 749 1108 intercidisse
766 1054 855 1108 nnita
871 1052 1001 1108 cidenhtr
1014 1052 1047 1108 in
1060 1053 1137 1108 codd.

117 1125 198 1194 ydb,
216 1129 242 1178 et
254 1129 287 1177 nt
299 1123 408 1178 oidetrcr
421 1141 450 1190 r,
467 1125 498 1178 id
512 1129 550 1178 est
562 1124 595 1178 in
608 1124 732 1179 codicnm
744 1129 901 1179 nostrornm
913 1125 1035 1179 onmium
1049 1125 1140 1180 orom-

117 1200 194 1265 typo.
214 1194 304 1263 ipsius
312 1198 402 1248 annno
411 1195 513 1250 indicis
522 1196 553 1248 in
562 1196 582 1249 d
590 1196 656 1250 ordo
666 1195 794 1249 tnrbotns
803 1199 841 1250 cst
854 1193 900 1264 (cf.
910 1194 948 1264 9),
962 1199 1043 1266 otone
1051 1211 1141 1250 rcnnn

118 1270 209 1320 toturn
226 1269 317 1320 tentus
330 1266 482 1334 ccpitnlnm
495 1267 637 1320 intercidit
654 1266 687 1321 de
701 1266 853 1321 lnmbornm
867 1266 959 1321 dolore
973 1268 1064 1335 (xlm)
1079 1282 1140 1320 csnn

117 1336 296 1406 praefatione
315 1337 379 1404 (xv)
399 1336 433 1391 do
452 1336 525 1392 sodis
542 1335 620 1391 vitiis
642 1337 674 1390 in
691 1338 857 1392 nniversrnn.
881 1337 915 1403 cs.
935 1346 960 1405 1,
979 1343 1023 1394 ta.

194 1407 293 1461 titnlns
311 1407 386 1462 adest
406 1409 439 1463 in
457 1409 533 1463 codd.
561 1407 716 1462 Defunctos
735 1407 815 1462 obrui
839 1409 950 1476 oportet
967 1409 1018 1476 ab:
1042 1424 1092 1462 orn.
1112 1407 1139 1462 d.

119 1479 257 1532 nimirecm
270 1477 401 1544 excidisse
414 1479 526 1534 initient
540 1477 658 1546 canituli
670 1477 846 1544 manifestum
860 1481 898 1531 est
907 1477 953 1546 (cf.
970 1478 1045 1532 Ptin.
1060 1483 1140 1544 30,64

123 1549 197 1604 Sunt
211 1547 315 1603 occulti
326 1591 332 1602 .
343 1588 350 1602 .
360 1551 392 1617 .):
410 1566 476 1604 narn
493 1551 534 1604 sic
552 1565 585 1604 ec
602 1549 691 1603 cerdis
709 1564 779 1618 qnae
792 1549 963 1617 praecedent
981 1549 1058 1618 apnd
1078 1548 1138 1603 Pli-

121 1620 204 1674 ninm
222 1619 327 1688 aliquot
343 1625 520 1675 servaverunt
535 1620 588 1689 ob:
615 1619 769 1674 Defunctos
793 1619 873 1675 obrui
896 1620 1007 1688 oportet
1028 1635 1140 1687 vesper-

121 1689 232 1745 tilionis
260 1691 395 1759 sanguine
421 1692 520 1747 venter
547 1692 620 1746 cont.
644 1695 691 1746 eto.
713 1707 732 1761 9
759 1688 994 1761 (vespertiliones,
1022 1706 1141 1760 quorum

122 1759 261 1830 sanguino
280 1759 305 1815 si
321 1763 421 1817 ventor
438 1761 525 1816 fuerit
542 1761 688 1817 contactus
761 1762 797 1831 b).

192 2047 327 2131 (ΧΠΠ.
350 2057 566 2114 Lumborum
588 2048 730 2133 dolori.)

189 2177 336 2232 Aciuorum
351 2177 492 2247 nigrorum
507 2176 566 2232 suci
581 2176 696 2250 cyathus
718 2191 789 2230 unus
812 2188 873 2229 cum
909 2177 994 2239 iios.

123 2259 228 2317 mulsae
250 2260 354 2334 cyathis
378 2259 464 2316 trihus
490 2260 569 2332 potui
590 2258 668 2315 datus
696 2257 803 2314 lumhos
826 2255 874 2312 do·

124 2345 216 2402 lentes
240 2353 324 2400 sanat.
361 2343 451 2400 inulae
466 2343 595 2400 foliorum
617 2345 672 2399 sive
694 2343 792 2400 radicis
814 2339 874 2416 pui-
910 2346 994 2410 20‚38.

124 2430 197 2486 veris
225 2427 328 2485 denarii
357 2428 412 2485 duo
441 2444 473 2484 ex
500 2428 554 2484 viui
586 2428 684 2502 cyatho
715 2445 768 2484 uuo
797 2425 874 2482 bibiti

89 2525 114 2567 tc
128 2512 280 2570 emendant.
318 2515 472 2588 pastinacae
487 2511 583 2569 radicis
601 2514 658 2570 sive
680 2512 791 2569 seminis
814 2510 873 2567 dci.
910 2515 995 2578 20‚31‚

126 2599 227 2655 1111iu
251 2614 318 2671 aqua
340 2596 428 2654 mulsa
450 2595 557 2654 decocti
580 2605 608 2654 ct
630 2599 708 2672 potui
730 2597 784 2653 dati
806 2595 875 2652 lum·

126 2681 224 2738 horum
247 2689 276 2738 et
297 2697 394 2739 renum
410 2681 473 2737 vitia
495 2680 647 2738 emendant.
684 2682 759 2756 porri
781 2682 874 2737 sectivi
910 2683 994 2745 todo.

127 2783 209 2822 sucus
231 2765 264 2822 ad
287 2767 400 2841 cyathos
422 2765 492 2822 duos
514 2767 542 2821 in
564 2766 619 2822 viui
640 2765 745 2840 cyathis
768 2764 875 2820 duobus

127 2849 228 2907 bibitus
254 2852 312 2908 sine
340 2867 415 2907 mora
444 2859 531 2906 sanat.
576 2851 701 2925 asparagi
728 2863 820 2904 semen
849 2855 877 2906 ct
912 2852 1014 2917 20,108.

91 2949 115 2990 15
129 2935 226 3008 cymini
241 2936 299 3008 pari
320 2934 442 3008 pondere
457 2935 551 2990 tritum
574 2941 649 2990 etex
671 2935 732 2990 vino
749 2931 792 2989 vci
807 2949 877 3008 aqua
985 2954 988 2962 ·

130 3019 213 3077 calida
228 3021 306 3093 potui
328 3018 421 3076 datum
434 3018 568 3076 emendat.
599 3019 651 3092 apii
673 3017 771 3075 radicis
794 3035 876 3076 sucus
912 3024 1036 3086 20‚115.v

129 3103 161 3159 ad
183 3104 297 3177 cyathos
325 3104 394 3159 duos
417 3119 449 3160 eu
478 3105 531 3158 vini
558 3103 661 3177 cyathis
684 3101 780 3159 tribus
798 3105 877 3176 potui

130 3187 206 3244 datus
227 3187 350 3261 prodest.
387 3187 499 3245 olusatri
519 3186 594 3243 radix
615 3188 643 3244 in
665 3189 728 3244 vino
750 3189 877 3262 coquitur
913 3191 1014 3254 conta

200 3361 216 3410 6
229 3354 279 3410 Ac.
294 3352 438 3425 nigrorum
450 3370 487 3410 oc.
501 3352 635 3424 strychni.
686 3359 701 3408 ‘1
716 3353 824 3409 duobus
840 3353 885 3408 Pt.
935 3357 951 3404 9
966 3349 1029 3404 defi.
1038 3367 1068 3402 11.
1083 3363 1106 3402 r.

133 3431 164 3480 10
178 3424 334 3480 inlinuntur
349 3425 395 3480 Pl.
460 3431 494 3480 to
507 3425 651 3480 radices..
663 3465 669 3478 .
680 3440 790 3480 semen,
803 3468 808 3480 .
820 3467 825 3478 .
837 3421 953 3478 decocta
963 3461 969 3475 .
980 3458 987 3472 .
999 3459 1004 3472 .
1016 3417 1084 3474 dete
1096 3419 1143 3475 rb.

168 3502 198 3552 1⁷
216 3512 263 3551 ext
282 3497 312 3552 et
327 3496 372 3552 rb.
429 3501 462 3551 18
478 3495 593 3552 oleastri
606 3496 642 3551 rb
661 3497 741 3566 (corr.
761 3511 794 3550 ec
814 3495 871 3562 Pl.)
