2636 3874
540 156 759 220 „33-

141 318 328 382 cantharidas
346 321 477 384 inlinunt
495 339 564 381 eum
582 338 654 382 suco
669 338 742 381 uvae
757 320 889 380 amineae
917 331 1004 394 auae.

140 415 172 469 et
195 425 264 470 sevo
279 411 341 471 ovis
365 409 413 470 vel
436 427 551 490 caprae.
587 412 725 470 murinus
743 408 831 470 limus
853 426 890 468 ex
917 419 1005 481 3039.

140 504 225 557 aceto
250 493 408 576 <inlinitur
431 495 482 577 et>
507 499 583 559 cinis
602 500 732 560 erinacei
756 515 792 558 ex
815 495 889 557 oleo.
952 499 990 552 ab.

139 587 172 644 in
195 584 250 644 hac
274 589 427 648 curatione
454 587 539 666 prius
567 588 674 648 faciem
697 605 734 647 ex
757 587 836 646 nitro
860 591 890 646 et
952 584 989 639 ab.

110 680 226 734 aaran
244 674 338 736 foveri
356 677 551 755 praecipiunt.
579 675 710 736 inlinunt
723 679 753 735 et
774 672 889 753 adipem
918 681 1005 745 3183.

140 761 227 822 rituli
257 764 372 824 marini.
419 763 551 844 delphini
584 765 716 824 cinerem
746 779 783 821 ex
815 779 890 840 aqua
952 761 989 816 u.

140 849 279 912 inlinunt
311 869 362 912 eos
382 853 433 930 qui
451 854 495 914 sic
514 859 659 914 vexantur
677 849 806 912 osculari
829 867 889 910 non
961 851 978 884 *

139 945 272 1020 oportet,
295 942 435 1018 quoniam
454 947 610 1004 contactus
629 941 816 1019 perniciosus
834 945 889 999 est.
918 929 963 998 (of.
978 931 1052 999 2⁶2³)

140 1025 243 1088 ficulni
266 1027 366 1090 caules
389 1047 427 1088 ex
453 1036 538 1090 aceto
566 1031 645 1093 cocti
672 1030 794 1106 tritique
823 1025 888 1088 inli-
917 1034 1004 1098 1631.

99 1127 128 1167 1⁰
141 1123 263 1176 nuntur.
291 1115 378 1176 ibisci
396 1115 480 1178 radix
498 1135 568 1178 cum
590 1116 703 1196 glutine
727 1116 829 1196 lupino
853 1133 889 1176 ex
951 1114 988 1169 ab.

140 1211 225 1265 aceto
253 1203 375 1266 decocta
404 1205 440 1265 ad
468 1213 611 1283 quartas„
638 1203 693 1265 llos
719 1206 793 1265 visci
820 1221 889 1263 cum
952 1202 989 1257 ab.

140 1292 222 1352 ealce
236 1292 377 1354 subactus
395 1293 539 1355 laudatur.
573 1293 727 1373 tithymalli
746 1292 801 1352 llos
820 1309 888 1354 cum
918 1299 1005 1362 tona.

139 1382 239 1442 resina
266 1381 408 1443 decoctus
439 1380 605 1442 adhibetur.
645 1380 777 1460 thapsiae
805 1378 889 1440 radix
915 1378 952 1433 ab.
973 1381 1032 1450 (om.
1047 1382 1073 1448 r)

140 1471 212 1530 trita
227 1487 296 1530 cum
309 1469 396 1532 melle
416 1471 589 1548 imponitur.
616 1463 764 1548 glutinum
778 1469 889 1530 factum
918 1475 1014 1540 cauto

98 1569 125 1610 1⁵
140 1576 177 1618 ex
200 1557 376 1636 genitalibus
399 1557 560 1618 vitulorum
587 1556 718 1635 liquatur
741 1575 777 1616 ex
805 1553 888 1616 aceto
917 1545 978 1614 (⁰m·
992 1550 1018 1617 r)

140 1663 210 1706 cum
233 1645 376 1724 sulphure
399 1648 464 1706 vivo
483 1663 566 1706 ramo
586 1645 713 1706 ficulneo
731 1646 889 1724 permixto,

140 1736 182 1794 ita
201 1741 234 1794 ut
251 1752 358 1794 recens
377 1733 474 1794 bisin
493 1733 540 1794 die
563 1736 742 1814 imponatur.
777 1733 890 1793 lomen-
963 1735 978 1768 *

138 1830 205 1883 tum
228 1824 330 1901 aequis
353 1821 489 1902 partibus
513 1840 582 1883 cum
606 1823 681 1883 turis
703 1821 813 1900 polline
837 1823 889 1882 im·

139 1912 263 1991 ponitur
286 1927 322 1971 ex
344 1928 428 1990 aqua.
755 1921 757 1924 ’

206 2092 349 2150 xum
371 2091 614 2162 Elephantiaei.

97 2221 126 2262 ²0
207 2210 232 2270 Α
254 2211 329 2286 lucie
356 2210 413 2290 hoe
440 2210 550 2272 malum
577 2209 753 2288 plerumque
784 2209 890 2287 incipit
917 2219 987 2284 tou.

141 2307 173 2360 et
196 2315 267 2359 nare
289 2300 385 2378 prima
408 2300 505 2378 surgit
523 2298 614 2358 veluti
637 2291 791 2377 lenticula,
814 2314 889 2376 quae

212 2573 373 2632 lilliniunt
389 2575 429 2630 db
458 2575 531 2643 (dem
552 2574 634 2641 infra
654 2574 775 2644 temper).
801 2576 806 2644 1
831 2572 960 2630 amineae
987 2571 1050 2641 par
1077 2572 1158 2643 (M.):

139 2643 276 2702 taminiae
291 2646 336 2700 Pl.
387 2652 403 2700 3
421 2643 549 2700 illiniunt
565 2661 581 2698 r
599 2645 660 2712 (om.
674 2645 729 2715 gd,
750 2645 798 2700 aed
815 2645 850 2712 cs.
867 2645 934 2714 Pl).
951 2642 956 2712 Ι
976 2641 1120 2699 herinacei
1130 2646 1158 2713 d,

138 2715 251 2772 irinacii
275 2732 301 2786 p.
373 2714 534 2772 tinitro
557 2731 591 2770 ex
617 2715 699 2770 aceto
722 2713 768 2772 Pl.
841 2711 1038 2784 &percipiunt
1059 2711 1089 2784 d.

139 2794 156 2842 6
180 2785 313 2857 delphino
341 2787 398 2853 (aad
420 2786 473 2855 ips.
496 2801 565 2842 corr.
590 2785 643 2854 ni)
671 2801 702 2855 g,
729 2781 872 2854 Delphini
890 2783 917 2838 d.
943 2786 948 2852 1
981 2783 1103 2842 οἰηοτοω
1126 2785 1155 2841 d:

138 2855 249 2913 cineris.
268 2855 390 2914 cinerem
408 2856 469 2926 (aie)
490 2872 516 2927 p.
572 2860 627 2910 ⁷.ss
646 2855 711 2909 boec
729 2855 823 2923 aptiae
839 2855 933 2910 atatim
971 2859 1013 2913 oct
1026 2872 1057 2926 p.
1078 2862 1157 2926 32‚16
1249 2913 1250 2916 ,

150 2928 255 2997 cutem)
272 2929 358 2996 insert
375 2944 391 2981 r
413 2929 495 2997 (tmde
513 2927 549 2997 b).
621 2931 638 2979 9
656 2923 767 2995 Fienlni
784 2942 802 2996 g
825 2926 907 2996 (Pl.):
958 2925 1067 2983 ienlnee
1086 2928 1135 2983 db.
1152 2928 1156 2999 Ι

169 2995 257 3068 ‘lique
279 3001 353 3069 9(r):
381 2997 550 3067 contritiqne
578 2998 604 3053 d.
678 3003 712 3050 10
730 2995 815 3051 ibisci
831 2998 874 3068 gd
899 2995 1005 3066 (Evimi
1023 2999 1074 3070 rb,
1101 2997 1158 3070 Hy·

137 3067 209 3124 bisti
230 3070 288 3139 br).
313 3072 318 3139 Ι
342 3068 450 3139 glutine
467 3069 522 3139 pd:
548 3069 655 3123 -norb
679 3067 756 3137 (Pl).
782 3067 786 3136 Ι
815 3067 844 3122 ln
865 3067 912 3124 ino
936 3083 987 3126 om.
1008 3067 1053 3124 Pl.
1084 3071 1159 3139 (curn

137 3137 236 3210 lupino
254 3141 336 3195 ettam
355 3139 448 3194 Marc.
486 3143 584 3209 ‚129).
610 3141 616 3221 Ι
640 3156 674 3194 ex
691 3154 722 3209 p:
742 3139 836 3204 etd(
866 3139 893 3209 l.,
912 3139 996 3210 inr).
1047 3146 1079 3194 11
1095 3145 1160 3210 port

138 3212 256 3280 quartas
275 3211 340 3266 odd.
354 3228 383 3266 r:
403 3203 464 3267 aim*
480 3206 533 3265 ‘ter
550 3209 708 3268 adhibetur.
770 3215 802 3263 12
821 3209 970 3280 Tytil'l'iti·
985 3210 1095 3279 dimalli
1107 3211 1157 3281 gd.

177 3286 211 3336 18
229 3279 351 3351 Tapaiae
373 3297 403 3352 p:
429 3279 523 3352 'lipsio
546 3283 574 3337 d.
643 3287 677 3335 14
696 3279 793 3352 attrita
816 3281 875 3350 (aie)
893 3297 919 3350 p.
944 3284 950 3351 l
979 3280 1121 3351 glutinum
1140 3297 1159 3405 p

138 3349 224 3422 (Pl.):
247 3351 308 3406 ·nii1
326 3353 352 3408 d.
426 3357 459 3407 15
479 3368 513 3407 ex
530 3353 550 3407 d
568 3352 650 3422 (Pl.):
674 3367 724 3406 om.
742 3353 791 3421 gb.
864 3357 897 3405 16
921 3350 1092 3421 permixtum
1112 3349 1160 3405 P.

177 3428 211 3476 17
230 3419 392 3492 imponatur
408 3438 439 3492 g:
457 3423 626 3493 posature,
645 3423 799 3493 reponatur
817 3422 842 3476 b.
867 3423 872 3489 Ι
894 3421 1065 3477 Lumentnm
1081 3435 1108 3490 g.

140 3493 184 3548 tit.
204 3489 373 3548 Elefantiaci
389 3509 421 3563 9,
439 3491 485 3548 hd
502 3491 696 3564 elephanticos
714 3493 740 3548 d.
814 3495 847 3548 21
868 3491 899 3548 in
916 3506 985 3546 nare
1004 3486 1050 3544 Pl.

193 3593 261 3635 ruma
274 3595 368 3636 innon·
381 3594 499 3636 mamona
983 3583 1000 3633 3
