2588 3886
564 147 806 214 -184—

287 309 350 386 ipse
373 309 500 369 austeris
519 317 549 369 ct
572 311 706 388 stypticis
728 309 812 370 adest
834 310 992 390 fermeque
1006 313 1032 373 is
1055 312 1195 374 omnibus

288 414 362 473 quae
387 396 448 456 sola
474 398 507 456 in
533 396 630 458 hicme
659 405 827 459 servantur:
859 417 894 460 ea
922 401 947 461 si
975 409 1088 462 matura
1112 401 1194 462 lecta

287 493 317 544 et
340 483 500 546 salubriter
523 485 670 548 custodita
696 489 901 567 provenerint,
932 490 1022 550 etiam
1048 489 1194 569 prodesse

285 572 494 652 languentibus
521 575 683 636 adseverat.
723 574 853 655 denique
880 577 974 638 farina
1002 577 1129 639 involuta
1155 580 1192 640 in

248 691 251 696 ·
285 659 380 722 calido
403 663 504 723 cinere
527 663 658 724 discocta
680 666 712 724 in
734 663 864 743 querelis
887 665 1001 726 utiliter
1022 673 1106 746 putat
1127 674 1223 728 sto-⁵

222 753 238 788 *
283 750 381 811 machi
403 753 565 813 nausiantis
584 753 694 812 offerri.
730 759 830 831 potest
851 753 962 815 malum
979 757 1105 818 maxime
1128 773 1194 816 ma-

285 841 399 900 tianum
426 842 600 919 sanguinem
634 841 807 922 recitantes,
838 841 988 920 pulmonis
1020 851 1051 904 ot
1081 845 1193 904 iecoris

283 928 409 1010 iniuriae
437 926 580 990 obnoxios
604 928 770 1009 sublevare,
798 929 904 990 molius
929 938 1028 993 mmcn
1056 933 1083 991 si
1103 950 1193 993 num-

284 1032 372 1094 quam
394 1017 503 1077 ieiunis
526 1017 578 1078 sed
601 1026 670 1097 post
688 1017 788 1078 cibum
811 1019 906 1079 detur.
943 1021 987 1079 vis
1010 1037 1081 1099 crgo
1104 1020 1193 1082 malis

174 1103 396 1164 catecumina
419 1111 450 1166 ct
472 1105 577 1184 frigida
600 1114 659 1186 est,
683 1106 762 1185 quod
785 1108 910 1167 maxime
935 1126 971 1168 ex
995 1125 1029 1169 eo
1054 1127 1191 1188 compro·
1209 1127 1235 1166 ιο

282 1192 424 1253 heuditur
437 1192 516 1272 quod
531 1212 622 1255 sucus
636 1197 687 1273 qui
705 1194 796 1256 luerit
810 1213 968 1274 expressus
983 1195 1067 1257 facile
1081 1200 1195 1259 transit

189 1281 224 1338 G.
238 1283 316 1341 ibin
339 1299 465 1342 acorem.
503 1284 630 1343 austeris
656 1291 756 1343 tamen
782 1283 868 1356 malis
891 1291 922 1344 ct
949 1284 1039 1344 acidis
1061 1295 1194 1364 possunt

282 1371 414 1429 recentia
433 1370 555 1431 vulnera
574 1373 672 1432 statim
692 1371 788 1432 claudi
799 1367 833 1432 'si
853 1375 980 1434 coutrita
998 1375 1194 1453 inponantur.

282 1465 415 1519 tumores
434 1465 522 1538 atquc
541 1459 649 1522 livores
672 1478 708 1521 ex
727 1478 802 1539 aqua
824 1467 906 1521 cocta
926 1470 1043 1522 etcum
1061 1465 1194 1542 axungia

282 1549 352 1607 trita
375 1556 578 1626 compescunt.
1209 1566 1236 1607 15

347 1635 394 1696 Fit
422 1655 457 1696 ex
485 1635 570 1720 maha
597 1637 751 1698 manlianis
780 1637 899 1716 optimis
927 1637 1025 1698 nobile
1059 1638 1192 1700 medica-

280 1731 414 1784 mentum
433 1723 512 1804 quod
535 1743 640 1803 graece
659 1724 780 1786 hedrice
799 1724 923 1806 dicitur,
945 1744 1089 1807 perquam
1112 1729 1193 1790 utile

279 1818 368 1889 atque
398 1813 501 1872 efficax
528 1815 554 1872 si
582 1813 698 1894 quando
726 1813 863 1875 verendis
889 1813 1024 1894 partibus
1047 1816 1192 1895 condylo-

279 1907 370 1980 mata,
397 1899 443 1960 vel
465 1901 598 1981 papulae.
613 1904 778 1963 eminentes
801 1920 874 1981 quas
898 1902 1053 1965 cacoethes
1077 1905 1193 1968 medici

279 1996 397 2070 vocant,
434 1989 480 2050 vel
513 1989 620 2051 callosa
651 2009 721 2070 pars
752 1992 851 2051 carnis
887 1994 1062 2055 excreverit.
1117 1995 1233 2057 eiusce

279 2079 455 2156 compositio
474 2078 539 2139 talis
559 2087 613 2140 est.
650 2080 726 2140 mala
743 2081 862 2140 concisa
877 2088 907 2141 ot
925 2082 1051 2143 interius
1070 2081 1192 2162 lignosa

277 2171 362 2244 parte
390 2175 515 2247 purgata
541 2167 634 2229 librae
657 2169 747 2229 unius
775 2168 929 2250 ponderis,
957 2169 1079 2232 adiectis
1102 2176 1192 2234 croci

276 2254 321 2312 ⁷s‘c.
335 2269 386 2334 vr,
409 2257 440 2316 in
462 2257 543 2335 passi
565 2258 694 2318 sextario
716 2257 926 2336 decoquuntur
948 2265 979 2318 et
1001 2276 1071 2319 cum
1094 2277 1189 2322 omne

277 2344 462 2423 concoxerit,
489 2351 550 2404 tam
577 2345 628 2406 diu
650 2363 719 2406 cum
747 2344 835 2425 pulpa
859 2345 890 2405 id
917 2354 963 2407 est
990 2346 1072 2407 molli
1098 2351 1191 2428 panis

243 2502 257 2549 1
276 2495 376 2550 adesse
394 2495 436 2564 ait
448 2497 465 2552 l.
482 2498 487 2566 Ι
503 2497 539 2552 ia:
558 2497 602 2552 his
614 2499 669 2568 pol
678 2500 744 2569 (rb).
791 2505 806 2552 2
821 2499 882 2554 sola
895 2499 999 2570 inpol:
1018 2500 1049 2554 in
1063 2500 1124 2556 nola
1136 2503 1187 2558 rb.

205 2566 372 2636 3prorlesse
389 2583 439 2622 mn.
459 2569 477 2624 l.
541 2569 723 2624 tadscvorat
738 2586 785 2640 po.
811 2572 816 2639 Ι
840 2570 870 2625 in
886 2586 938 2640 qo:
966 2572 997 2626 st
1013 2571 1043 2626 in
1061 2572 1146 2640 rb(l).

168 2642 186 2692 5
206 2637 344 2692 stomachi
360 2639 427 2708 pol:
446 2639 541 2694 -chnm
559 2641 603 2695 rb.
659 2647 675 2695 6
693 2639 792 2696 Potest
808 2655 875 2696 vero
892 2659 930 2696 m.
944 2643 988 2696 rb.
1005 2643 1010 2706 1
1026 2642 1185 2698 matianum

168 2709 258 2778 l(rb):
281 2709 450 2764 mattianum
467 2727 514 2779 qo.
574 2709 768 2766 traicientes:
793 2709 880 2766 -tibns
897 2713 1028 2782 pothio).
1083 2719 1100 2769 8
1118 2715 1184 2771 sub·

169 2778 264 2834 levaro
277 2781 343 2849 pol:
362 2781 487 2836 relevare
501 2782 546 2835 rb.
593 2788 627 2836 10
641 2781 738 2837 umida
756 2781 915 2852 (humidat)
933 2784 999 2853 pol:
1019 2785 1048 2838 et
1065 2783 1186 2844 humida

166 2850 213 2904 rb.
235 2851 239 2917 Ι
263 2851 385 2905 maxime
408 2868 442 2906 ox
464 2868 498 2907 eo
515 2869 545 2922 p:
573 2868 607 2907 ex
627 2868 661 2906 eo
679 2852 799 2907 maximo
816 2854 925 2924 ol(rb).
988 2860 1021 2908 12
1038 2854 1071 2908 ,in
1088 2871 1184 2910 maco-
1285 2893 1286 2896 η

164 2929 227 2975 nem
245 2921 262 2975 l.
279 2923 283 2989 Ι
299 2921 430 2976 austeris:
449 2922 558 2978 Hausta
576 2924 593 2977 l.
641 2929 674 2979 13
694 2923 829 2983 contrita:
850 2924 991 2980 contraria
1004 2926 1022 2980 l.
1068 2932 1102 2981 16
1122 2925 1183 2983 ani·

166 2990 288 3046 malibus
311 2991 425 3060 optimis
452 2993 576 3062 (obtimis
593 2996 621 3064 p)
644 2995 758 3076 potor:
786 3009 837 3048 om.
855 2995 900 3049 rb.
931 3011 988 3064 pro
1011 2995 1184 3052 animalibus

163 3061 266 3131 scrapsi
289 3061 447 3120 Manlianis.
521 3071 553 3119 17
576 3065 689 3122 hednae
716 3065 766 3120 rb:
794 3065 904 3122 aedrioe
926 3067 975 3134 pl,
1004 3065 1097 3122 edrico
1118 3083 1144 3122 v.

168 3139 202 3187 18
212 3133 298 3202 atque
306 3134 372 3201 pol:
383 3135 470 3189 etri).
486 3136 491 3205 Ι
507 3135 648 3192 amandis:
662 3134 785 3192 intendis
794 3135 854 3204 (sic)
867 3137 933 3204 pol,
947 3137 978 3192 in
991 3138 1120 3194 verendis
1133 3139 1180 3196 rb.

194 3209 227 3259 19
256 3203 403 3259 cacoethes
426 3221 484 3274 eqo:
512 3207 648 3263 exacodas
672 3208 731 3277 (cic)
753 3207 877 3276 qai(rb).
938 3213 973 3262 20
991 3207 1097 3264 callosa
1118 3224 1180 3279 epo:
1285 3257 1286 3262 ,

165 3274 403 3343 cal(caul)culosa
423 3276 554 3348 palthi
583 3278 737 3334 excreverit
760 3278 826 3347 pol:
859 3276 914 3332 wib
934 3279 980 3333 rb.
1006 3280 1010 3346 1
1036 3278 1094 3333 aius
1112 3281 1180 3349 pol:
1285 3299 1286 3336 1

165 3346 244 3400 cuius
254 3346 298 3401 rb.
331 3351 365 3399 22
376 3346 507 3416 ponderis
515 3349 582 3417 pol:
597 3365 639 3404 -re
648 3351 693 3404 rb.
731 3355 764 3403 23
775 3351 811 3405 io.
822 3369 852 3406 vs
859 3365 910 3419 qo:
920 3348 1058 3418 scrupulis
1068 3366 1117 3404 sax
1128 3352 1180 3420 b(l‚

163 3415 385 3486 scrypuliv1.r).
427 3423 462 3472 24
479 3418 560 3474 molli
577 3419 658 3488 panis
672 3422 722 3475 aut
739 3435 826 3490 apyro
839 3434 898 3490 eqo:
916 3419 1011 3474 mollis
1027 3421 1110 3490 panis
1129 3424 1182 3476 ant

165 3487 248 3556 opyri
266 3487 348 3558 (epiri
361 3491 404 3559 ol)
421 3489 488 3560 pol,
506 3490 587 3545 molli
604 3507 690 3562 panc,
709 3494 739 3546 at
755 3489 877 3560 tinaperi
895 3493 934 3560 (et
951 3490 1073 3562 tinaperi
1086 3495 1112 3563 r)
1132 3493 1179 3548 rb.
