2640 3884
545 165 786 230 -116»-

228 347 229 350 ¹
280 324 302 377 L
331 323 376 376 Ad
394 325 532 378 tumorem
551 323 655 392 pedum

267 394 304 448 LI
331 394 377 448 Ad
395 411 542 464 permones

258 465 308 520 LII
335 465 379 519 Au
398 465 574 534 interdigitiu

242 538 306 591 LIII
332 537 377 590 Ad
395 535 529 605 paronitii
546 537 671 591 dolorem

227 608 304 663 LIIII
330 608 377 662 Ad
394 607 562 678 ungularum
580 607 705 662 dolorem

256 679 305 733 LV
333 679 378 732 Ad
396 679 520 747 corporis
539 677 732 734 salubritatem

240 750 304 805 LVI
331 750 376 803 Ad
394 749 525 820 lythenes

229 821 305 876 LVII
331 821 377 875 Ad
395 820 601 890 elephantiasin

217 891 308 946 LVIII
333 892 379 945 Ad
396 892 525 947 morbum
544 890 718 946 comicialem

244 963 308 1017 LIX
334 963 379 1016 Ad
398 962 527 1016 morbum
544 961 653 1032 regium

257 1032 306 1087 LX
333 1033 378 1086 Ad
396 1033 533 1102 yctericos

500 1204 617 1274 capite
638 1203 717 1260 libri
741 1204 845 1260 tertii.

295 1319 306 1371 I
335 1316 380 1370 Ad
397 1315 489 1371 febres
508 1315 613 1370 calidas
630 1314 839 1371 intercidendae

279 1389 306 1442 II
332 1386 377 1440 Ao
395 1386 574 1456 emytriteum

266 1459 305 1513 III
333 1458 378 1511 Ad
396 1456 489 1514 febres
507 1457 664 1528 periodicas

252 1531 306 1584 HII
333 1529 379 1582 Ac
397 1528 575 1599 quotidianas

279 1601 305 1654 V
332 1599 376 1653 Ad
395 1600 532 1656 tertianas

267 1671 306 1725 VI
333 1671 378 1724 Ad
397 1673 547 1752 quartanas

255 1741 308 1795 VII
335 1740 380 1793 Ad
397 1740 562 1810 hthsrgioos

239 1811 305 1866 VIII
333 1810 379 1863 Ad
397 1827 525 1866 somnum
542 1812 751 1881 provocandum

266 1881 304 1936 IX
332 1881 377 1934 Ad
395 1881 542 1937 freneticos

279 1954 305 2008 Χ
332 1953 377 2015 Ad
396 1953 568 2023 epylenticos

175 2069 180 2072 .
267 2025 307 2078 XI
333 2023 379 2077 Ad
398 2023 539 2080 cardiaces

255 2094 308 2149 XII
335 2094 380 2148 Ad
398 2095 533 2166 hydropis
551 2094 663 2150 initium

240 2166 306 2220 XIII
333 2166 378 2220 Ad
397 2165 568 2236 paralyticos
619 2170 621 2176 '

226 2236 306 2290 XIIII
332 2237 378 2290 Ad
396 2237 552 2308 podagram

255 2307 308 2361 XV
334 2306 380 2360 Ad
397 2323 496 2362 nervos
515 2310 544 2363 et
562 2308 695 2364 articulos
714 2311 743 2364 et
760 2309 907 2366 artidricos

241 2377 308 2432 XVI
334 2376 379 2431 Ad
397 2378 543 2446 syderutos

225 2447 304 2502 XVII
331 2447 377 2502 Ad
395 2446 513 2503 vulnere

213 2518 306 2572 XVIII
334 2517 364 2573 Si
383 2518 445 2588 quis
463 2519 522 2573 ictu
540 2537 667 2590 pugnum
685 2521 732 2576 vel
750 2539 864 2578 manum
882 2522 996 2578 laeserit

242 2589 307 2644 XIX
334 2590 379 2645 Ad
397 2589 549 2644 fracturum
568 2607 616 2646 seu
633 2593 780 2662 rupturam
799 2593 880 2663 pellis

252 2660 305 2714 XX
332 2661 378 2714 Ao
396 2660 513 2716 vulnere
860 2661 864 2669 “
1060 2725 1062 2731 ,

240 2731 307 2786 XXI
333 2731 379 2785 Ad
396 2731 561 2806 sanguinem
579 2749 613 2787 ex
631 2733 793 2790 vulneribus
811 2735 966 2791 sistendum

226 2801 307 2856 XXII
333 2803 377 2856 Ad
395 2803 490 2858 ulcera
513 2807 542 2858 et
558 2821 666 2860 vermes
689 2805 801 2862 innotos
819 2807 865 2862 vel
888 2806 924 2862 ud
948 2823 1045 2862 nomos
1065 2807 1125 2864 sive
1144 2808 1181 2863 sd

333 2873 442 2928 fistulas
460 2874 585 2929 ulcerum

216 2941 308 2996 XXIII
336 2942 382 3000 Ad
399 2946 575 3015 apostemate
591 2944 727 3002 interiore

203 3012 307 3067 XXIIII
333 3014 378 3068 Ad
397 3014 491 3070 omniu
509 3017 648 3072 exteriore
665 3019 841 3087 apostemata
858 3019 904 3074 vol
921 3019 1045 3074 tumores

230 3082 308 3137 XXV
335 3085 380 3138 Ad
399 3085 578 3143 collectiones
596 3088 643 3143 vel
660 3090 782 3143 tumores

218 3153 309 3208 XXVI
336 3155 381 3208 Ad
399 3158 530 3225 styrosim
548 3158 653 3214 ventris
671 3159 717 3214 vel
736 3159 874 3216 stomachi

200 3224 305 3280 XXVII
333 3226 378 3278 Ad
395 3226 540 3296 peniculus

187 3296 305 3350 XXVIII
332 3296 378 3350 Ad
396 3300 506 3368 cyrotus
524 3300 599 3370 quod
619 3302 684 3354 eunt
702 3300 862 3370 glandioloe

161 3395 164 3400 Α
213 3367 306 3422 XXIX
333 3367 378 3422 Au
396 3371 515 3424 strumas

227 3437 305 3493 XXX
334 3439 379 3494 Ao
397 3439 596 3495 carbunculum
703 3435 705 3442 '

219 3508 308 3563 XXXI
335 3511 381 3564 Ad
399 3510 533 3581 papulam
551 3512 663 3567 noxiam
