2640 3884
465 181 706 244 —147—

62 349 122 421 gat
152 359 191 402 ex
219 358 312 421 aquae
345 340 460 421 cyathis
487 349 628 421 quattuor
655 344 745 404 unius
773 342 887 404 denmii
914 361 987 424 pon-

63 431 148 491 dere
186 431 386 510 propinatum.
437 429 652 492 sorbitionibus
687 432 814 492 mixtum
849 432 988 511 pituitam

63 518 210 598 pectoris
237 517 331 580 solvit
374 535 444 580 cum
470 517 546 580 lacte
574 521 696 599 caprino
724 526 843 584 coctum
870 519 987 584 dolores

66 606 212 687 pectoris
233 607 355 686 mitigat.
393 624 410 667 a
432 608 540 668 ieiunis
563 625 600 668 en
619 607 706 669 melle
725 615 877 688 sumptum
899 610 987 670 tussi·

39 693 201 756 ⁵entibus
224 693 351 756 salutare
374 702 429 756 est.
483 769 488 780 μ

144 928 257 986 m
289 929 339 985 De
362 942 473 986 muca.
1017 935 1062 992 Pi.

145 1063 245 1126 Eruca
259 1063 369 1127 calidae
384 1063 514 1148 quidem,
527 1084 588 1128 non
604 1073 702 1132 tamen
712 1069 837 1132 nimium
851 1077 986 1132 austerae
997 1013 1032 1063 20
1033 1012 1087 1078 la

68 1155 251 1234 ignitaoque
270 1154 389 1216 virtutis
410 1161 464 1216 est.
490 1154 560 1222 inde
580 1174 719 1220 venerem
739 1158 865 1220 maxime
884 1158 986 1220 stimu-
1000 1149 1094 1204 Di⁰⁸⁶

67 1243 150 1304 lat
141 1260 174 1303 rn
198 1241 264 1304 cibo
283 1249 400 1322 sumpta
421 1251 452 1304 et
475 1242 655 1323 digestiones
678 1241 796 1307 adiuvat
817 1253 849 1308 et
870 1225 1085 1308 urinam²1⁶⁹·

68 1338 187 1392 movet.
222 1329 354 1392 lactucae
373 1347 493 1412 quoque
512 1335 653 1412 optime
644 1352 677 1394 1n
695 1331 761 1396 cibo
783 1335 931 1415 iungitur,
955 1341 987 1395 ut
997 1308 1045 1448 J
1042 1309 1061 1432 ᾗ
1061 1386 1084 1435 4

29 1433 55 1472 10
69 1419 174 1510 ngori
200 1436 254 1500 par
281 1419 380 1482 terror
403 1419 551 1484 admixtus
578 1427 845 1500 temperamentum
868 1421 1040 1484 salubre‘

70 1499 246 1588 componat.
274 1525 311 1570 ex
328 1509 396 1568 vino
417 1515 488 1592 pota
511 1508 650 1570 duritiam
671 1526 777 1572 sensus
796 1515 900 1576 contra
922 1527 987 1572 ver·

69 1597 152 1658 bera
180 1595 313 1658 creditur
334 1614 423 1675 posse
446 1604 608 1677 praestare.
644 1595 807 1678 infantibus
835 1599 986 1662 tussienti-

70 1685 172 1746 bus
163 1701 196 1744 m
223 1683 290 1748 cibo
313 1683 396 1746 utilis
418 1693 473 1748 est.
515 1685 646 1748 maculas
668 1686 732 1746 cuti
754 1671 830 1748 tollit
853 1703 889 1746 ex
911 1685 986 1750 iacie

72 1790 148 1834 cum
169 1771 256 1833 mello
279 1771 376 1854 inlita,
398 1772 556 1853 lentigines
579 1773 715 1838 extrahit.
751 1773 835 1837 radix
857 1775 889 1838 in
911 1792 987 1856 aqua

35 1873 59 1913 ¹⁵
73 1861 204 1922 decocta
230 1859 360 1923 extrahit
386 1879 454 1922 ossa
476 1880 551 1942 quae
579 1862 673 1924 fracta
700 1870 779 1925 aunt
821 1881 923 1924 semen
951 1882 988 1924 ex

74 1951 148 2017 vino
163 1956 268 2028 potum
286 1951 479 2029 scorpionum
491 1968 605 2014 venena
622 1952 754 2030 itemque
773 1953 874 2014 aranei
893 1953 987 2014 muris

76 2035 221 2102 excludit
263 2039 364 2117 nigras
396 2039 550 2104 cicatrices
577 2057 648 2106 cum
679 2037 746 2100 felle
773 2037 919 2101 bubrdiuo
951 2039 987 2100 ad

77 2124 240 2188 candorem
267 2125 393 2189 reducit.
439 2126 609 2190 condituras
641 2143 808 2205 coquorum
837 2135 898 2188 tam
923 2128 988 2204 ipsa

166 2441 337 2502 nasturcium
365 2443 479 2501 calidum
506 2451 565 2516 est,
591 2441 755 2502 etconlicit
775 2460 870 2504 carnea
897 2447 935 2504 ita
957 2455 988 2503 ut
1006 2455 1063 2523 (ss)

40 2533 68 2572 ¹0
81 2529 255 2602 constringat
276 2526 373 2603 llegma
395 2537 423 2585 et
449 2526 529 2585 indat
549 2529 733 2604 stranguriam
755 2528 783 2586 id
805 2538 847 2588 est
868 2539 986 2588 meatum

81 2612 177 2669 urium
198 2610 324 2670 obduret.
361 2623 452 2670 samm
474 2614 534 2669 einr
554 2613 649 2669 trita·
673 2629 734 2671 enm
756 2612 892 2672 iumento
913 2613 985 2671 duri·

82 2697 133 2751 tias
162 2711 257 2752 omnes
284 2696 356 2754 tollit
383 2701 411 2752 et
438 2695 619 2753 carbunculos
645 2707 732 2756 curat.
775 2713 867 2755 saman
894 2699 987 2755 tritum

81 2795 143 2838 cunr
166 2795 235 2853 aqua
256 2779 395 2854 paniculas
416 2781 530 2855 spargit.
592 2787 594 2792 '

154 3157 423 3228 aquamque),
446 3160 623 3227 uu.vi(v11
643 3157 741 3243 Pus).
762 3157 846 3228 idcir.
864 3164 948 3230 pond.
966 3159 1094 3230 rorem

82 3226 283 3294 danubiano
301 3228 396 3298 pond.)
426 3229 488 3299 goi.
556 3228 733 3286 adiciamus
755 3231 862 3300 (αἰὼν.
901 3231 1029 3315 Pouet,
1055 3247 1095 3290 ae·

82 3298 946 3384 9Μίοῑίκηοῑϋϋοιίοοουῃῑαοκωοο9ίΰυῑωνοι
976 3317 1096 3372 mat

83 3369 276 3451 (ην-ξω).
321 3369 516 3428 timorosa.
530 3369 1094 3442 oi,9ortvirtutisortiotowomotrb

120 3438 196 3498 10
172 3442 302 3510 miei
361 3386 700 3512 recorroborare.
760 3443 1058 3512 rausedone

85 3515 117 3564 17
137 3455 272 3566 bubulino
289 3527 320 3582 9·
339 3457 531 3568 bubulo⁹
461 3513 499 3572 rb
517 3512 583 3582 (Pi,
601 3527 666 3568 cum
683 3512 773 3570 bibuli
789 3512 857 3570 lello
875 3513 903 3582 i).

880 3597 936 3654 10*
