2588 3886
303 1138 472 1204 Medieiaic
500 1158 537 1203 ec
565 1136 709 1222 Goroilio
735 1140 883 1220 means
912 1228 914 1233 .

18 1227 19 1248 Χ
87 1279 150 1335 hoec
164 1297 197 1334 ex
211 1279 348 1334 communi
359 1279 434 1346 fonte
447 1240 619 1349 &dieucum
631 1277 689 1334 cod.
700 1277 729 1332 S.
740 1277 813 1334 Gall.
825 1284 876 1333 572
887 1279 929 1347 (p.
941 1283 1031 1332 129-
1041 1281 1102 1346 133)

236 1372 261 1422 ct
279 1369 336 1422 cod.
354 1367 445 1438 133931.
470 1365 545 1423 Voss.
564 1371 613 1422 oct.
632 1373 666 1421 92
686 1364 721 1434 (f.
742 1367 953 1442 105⁶—10⁷l);

286 1593 375 1649 LXI.
410 1594 459 1648 De
482 1591 562 1648 vino
585 1594 715 1649 noento
738 1591 906 1650 molendo.

154 1730 262 1812 Accipe
291 1736 408 1790 coslum
436 1737 466 1790 et
492 1747 586 1809 purga
610 1729 682 1790 illud
710 1729 842 1792 radendo
870 1733 1012 1793 corticem
1037 1734 1101 1794 eius

90 1828 122 1882 ut
144 1819 219 1882 nihil
242 1819 334 1880 amari
355 1819 386 1878 iu
406 1836 441 1878 eo
461 1825 620 1880 remancat.
658 1826 722 1881 tum
741 1821 831 1880 terico
851 1827 881 1898 et
901 1822 1016 1884 cernito
1039 1820 1103 1882 dili·

90 1909 272 1990 gentissime.
308 1906 414 1968 deiude
438 1925 521 1968 sume
546 1916 678 1969 mustum
701 1907 778 1990 loute
807 1916 838 1969 et
865 1910 965 1990 dulce,
993 1911 1034 1971 ita
1057 1929 1103 1970 re·

91 2016 161 2059 cens
189 2005 223 2058 ut
251 1996 356 2058 codem
383 1995 431 2056 die
455 1997 494 2057 sit
517 2014 707 2078 expressum„
734 2003 764 2056 et
791 1999 875 2058 mitte
903 1998 973 2064 iude
1000 2000 1105 2058 iuvas

68 2097 198 2148 ⁵uovum
221 2083 297 2146 bene
321 2085 451 2166 picatum
470 2085 585 2156 modios
609 2084 773 2147 duodecim.
810 2088 841 2146 in
860 2085 941 2164 quod
964 2085 1000 2146 de
1020 2095 1104 2148 costo

92 2175 209 2236 dimidia
246 2172 321 2236 libra
352 2172 498 2235 mittenda
530 2181 588 2255 est,
625 2173 738 2250 scilicet
771 2191 827 2254 per
859 2192 1103 2254 unumquemque
1136 2185 1142 2196 '

91 2264 222 2326 modium
248 2261 366 2342 pondus
393 2262 584 2324 denariorum
612 2261 777 2324 duodecim.
822 2257 888 2325 lum
916 2282 966 2326 vae
995 2263 1103 2326 lirmis—

92 2355 163 2413 sime
187 2350 384 2414 claudendum
412 2358 458 2412 est
486 2359 517 2413 et
543 2351 734 2432 trigintave}
762 2353 955 2434 quadraginta
978 2353 1041 2415 dies
1064 2355 1106 2414 ita

18 2437 19 2452 ¹
92 2440 307 2502 dimittendum.
358 2442 466 2502 simum
498 2447 597 2501 tamen
628 2458 695 2502 esse
727 2440 817 2502 debet
847 2443 979 2522 palmum
1011 2460 1105 2504 unum

18 2549 19 2584 l
61 2541 82 2581 1⁰
92 2537 213 2610 propter
241 2529 389 2590 fervorem
412 2531 511 2591 musti.
548 2529 638 2609 aliqui
661 2531 784 2592 nutaunt
812 2533 842 2591 iu
866 2529 990 2592 eandem
1013 2533 1105 2593 musti

18 2597 20 2642 ³
93 2619 261 2680 mensuram
277 2619 360 2679 cosli
382 2616 500 2699 libram,
523 2617 615 2698 aliqui
636 2616 742 2679 libram
766 2626 796 2680 et
818 2617 977 2680 dimidiauu

93 2853 194 2912 Lm.
219 2853 394 2911 confectio
412 2853 610 2924 liquaminis
629 2853 723 2924 quod
741 2863 951 2924 oenogerum
967 2858 1103 2913 nocent.

159 2991 323 3071 Capiumtur
344 2994 443 3072 pisces
466 2961 572 3056 undana
594 2994 734 3072 pingues,
757 2998 793 3054 ut
810 2999 880 3053 sunl
903 2991 1051 3055 salmones
1075 2999 1105 3054 et

97 3080 236 3160 anguillae
264 3087 295 3141 et
321 3079 438 3141 alausae
462 3087 492 3140 et
519 3080 654 3141 sardinae
682 3078 728 3139 vel
755 3081 864 3162 affingi,
892 3088 923 3142 et
945 3082 978 3143 iit
1001 3100 1038 3143 ex
1062 3085 1107 3145 cis

163 3323 204 3376 tia.
232 3323 390 3379 wannoc.
455 3328 586 3378 ΜΗ.
654 3327 782 3378 lxmo.
853 3327 1025 3378 Bxxxlxu
1044 3339 1068 3377 a.

101 3399 114 3447 9
133 3392 230 3448 nimum
247 3409 307 3463 0902
326 3409 435 3448 semum
452 3410 499 3464 qv.
561 3395 603 3448 tic.
631 3409 795 3464 omogcrum
813 3393 1056 3464 9,homoccrs1o.

102 3469 131 3518 13
144 3463 233 3534 cnngi
241 3481 272 3534 9:
286 3464 423 3535 hatiugio
437 3464 482 3534 (cf.
497 3481 567 3536 qaue
579 3464 643 3520 dici
655 3465 687 3519 io
700 3470 752 3520 oct.
764 3467 834 3536 plici.
848 3466 931 3519 incer.
947 3463 1109 3534 „chnee“

102 3540 118 3592 t.
140 3545 192 3586 un
207 3553 238 3604 p.
257 3538 331 3605 226).

149 3637 213 3678 Plinii
227 3638 320 3680 iunioris
334 3637 452 3679 medicina
914 3630 947 3682 14
