2636 3874
492 163 710 228 *47-

91 343 187 399 sucus
216 327 302 404 potui
338 325 433 386 datur.
481 327 697 387 ammoniacum
728 327 842 406 potioni
870 339 958 402 πρε.

91 414 221 475 additur.
253 413 327 474 ulmi
346 421 448 474 cortex
466 422 566 476 tusus:
589 413 702 475 denarii
724 415 841 495 pondus
869 427 959 491 24,48.

90 505 121 563 in
135 502 258 563 hemina
271 519 363 581 aquae
382 500 506 580 frigidae
525 503 614 563 etiam
627 511 742 582 purgat.
766 523 842 583 aqua
869 515 959 578 eous.

89 591 206 653 bibitur
224 593 256 651 in
275 608 333 669 qua
351 589 504 669 gallinacei
523 591 704 653 decorarint.
735 592 839 653 hirun-
903 597 941 652 ab.

63 681 213 741 ⁵dininus
232 679 320 740 limus
338 679 453 740 adiecto
472 678 558 739 melle
583 681 764 759 suppositus.
797 699 840 740 sa·
914 687 932 720 *

89 769 158 830 licis
173 787 264 829 sucus
283 786 319 828 ex
333 770 402 828 vino
420 767 515 828 mulso
535 774 664 846 potatus.
697 767 839 828 thalasso·
869 779 957 844 aute.

89 857 162 918 meli
196 856 411 918 iucundissime
448 863 556 935 purgat
595 857 660 916 sine
698 856 842 917 stomachi

89 946 262 1026 vexatione,
285 952 315 1005 ct
338 943 429 1004 odore
452 951 535 1022 grato
559 950 590 1004 et
613 961 728 1023 sapore.
761 945 842 1023 quod
903 946 942 1002 ib.

90 1036 133 1094 sic
166 1033 235 1095 fieri
266 1031 366 1094 debet:
399 1048 505 1111 aquae¹
524 1033 655 1093 marinae
687 1041 717 1092 et
748 1051 842 1112 aquae

53 1133 77 1172 1⁰
90 1121 230 1182 caelestis
257 1120 361 1181 eadem
388 1137 527 1181 mensura
556 1128 587 1181 et
618 1118 676 1181 mel
708 1121 843 1182 eiusdem

89 1211 238 1290 portionis
261 1211 493 1289 permiscentur,
517 1215 546 1268 et
569 1215 704 1270 servatur
722 1209 753 1269 in
773 1227 841 1269 vaso

91 1297 176 1360 fictili
198 1299 306 1377 picato.

156 1497 217 1552 VI.
240 1494 361 1552 Ventri
383 1493 543 1551 sistendo.

158 1613 267 1675 Cancri
285 1613 442 1674 fluviatiles
460 1615 524 1674 triti
543 1631 578 1674 ex
597 1631 673 1693 aqua
688 1612 840 1674 bibuntur.
868 1625 974 1688 32,101.

90 1705 178 1764 sativi
196 1704 299 1763 siseris
319 1719 409 1763 sucus
427 1701 459 1762 in
478 1704 599 1781 caprino
618 1701 693 1764 lacte
711 1709 841 1782 potatur.
869 1713 956 1777 20,35.
1038 1736 1040 1740 ·

54 1800 76 1841 1⁵
89 1794 222 1852 ocimum
240 1791 345 1850 tritum
364 1792 461 1851 ventri
479 1790 622 1852 inlinitur.
650 1793 790 1871 panicum
809 1792 840 1852 in
868 1802 973 1866 acuat.
1002 1801 1110 1866 aziel.

88 1879 165 1941 lacte
191 1880 312 1957 caprino
331 1877 488 1940 decoctum
509 1897 593 1940 more
617 1878 789 1940 sorbitionis
808 1881 860 1939 in.

41 2013 44 2020 .
89 1967 134 2028 die
162 1969 300 2027 sumitur
333 1973 418 2027 vetus
436 1969 521 2046 panis
543 1970 680 2029 nauticus
699 1975 786 2028 tusus
810 1975 841 2027 et
869 1977 972 2042 etuas.

87 2058 199 2117 iterum
220 2062 323 2115 coctus
342 2071 379 2114 ex
397 2072 473 2134 aqua
486 2054 608 2116 bibitur.
632 2058 663 2116 in
682 2072 758 2135 aqua
774 2072 838 2115 eor·
868 2066 973 2128 22,141.

87 2146 164 2205 tices
183 2142 266 2203 labae
285 2143 321 2203 ad
335 2144 437 2203 tertias
456 2143 596 2204 decoctae
610 2150 746 2222 prosunt.
774 2143 839 2203 lens
868 2152 973 2216 aaut.

52 2244 124 2292 voex
149 2249 227 2310 aqua
250 2229 372 2292 caelesti
393 2230 515 2292 decocta
538 2230 685 2292 sorbetur.
723 2237 839 2291 acetum
868 2241 955 2306 aaut.

87 2337 207 2380 merum
237 2320 374 2380 sumitur.
420 2319 495 2379 mala
524 2317 671 2380 silvestria
699 2319 838 2381 eduntur.
868 2330 976 2394 23,104.

88 2425 166 2487 aqua
184 2409 216 2468 in
235 2425 293 2486 qua
311 2409 376 2487 pira
395 2409 522 2486 agrestia
541 2415 624 2468 cocta
639 2409 698 2469 sint
716 2407 838 2468 bibitur.
868 2418 973 2483 eane.

89 2497 272 2558 silvestrium
298 2512 463 2575 prunorum
492 2494 581 2556 bacae
605 2495 651 2556 vel
678 2515 715 2557 ex
738 2496 838 2557 radice
868 2507 972 2570 talea.

89 2586 219 2645 cortices
237 2585 268 2644 in
282 2583 350 2643 vino
370 2591 489 2644 austero
504 2584 714 2663 decoquuntur
731 2591 766 2645 ut
779 2592 838 2645 ter·

124 2791 245 2844 ttuusus
254 2789 530 2859 bio9(ooteaeem1aer
538 2788 776 2860 basuellpondue:
786 2789 827 2843 sio
836 2788 908 2858 odia.
927 2785 1109 2858 4qu0(ac'o)d.

92 2859 95 2930 l
106 2858 231 2942 gallinae
249 2859 335 2929 pedes
353 2859 463 2915 decocti
480 2858 586 2914 fuerint
603 2875 625 2914 r.
652 2862 656 2928 Ι
681 2857 847 2914 hirundines
870 2858 917 2913 db.
964 2862 981 2913 b
1004 2875 1106 2931 suppo·

88 2933 165 2986 natur
181 2947 204 2985 r.
278 2932 428 3001 epotatus
446 2930 524 2986 velet
545 2945 570 2984 r.
595 2932 599 2998 1
629 2929 746 2985 Telamo
768 2929 848 2985 melli
870 2930 898 2984 d.
970 2929 1107 2986 tiooun·

88 2999 202 3056 abuma
219 3001 261 3070 qo
279 3001 344 3070 (bio,
363 3003 410 3057 sed
426 2999 626 3056 iucundissime
643 3017 662 3071 9
681 3002 742 3072 1,a).
808 3007 823 3057 9
837 3004 904 3070 post
922 2999 1008 3056 debet
1026 3001 1106 3056 oddi-

89 3075 135 3127 tur
152 3073 185 3127 iu
202 3075 280 3126 nutu
297 3073 350 3142 ool:
379 3071 523 3128 Confectio
548 3071 672 3127 thalasso
691 3070 773 3128 melis
801 3071 939 3141 (thalasse
956 3071 1049 3127 mellis
1067 3073 1108 3142 d).

90 3147 285 3211 aquamola.
358 3149 389 3196 11
410 3144 538 3198 servatur
554 3159 584 3212 9:
604 3144 751 3205 servantur
768 3143 795 3199 d.
821 3145 825 3212 Ι
850 3157 918 3198 vaso
936 3156 967 3212 9:
991 3159 1060 3198 vase
1078 3143 1105 3197 d.

123 3216 166 3269 vu.
184 3213 231 3269 Aa
248 3214 375 3269 ventrem
393 3213 547 3269 sistendum
566 3214 592 3268 d.
648 3217 682 3267 14
697 3212 787 3269 activi
802 3213 904 3269 ciceris
918 3228 949 3282 9,
969 3211 1103 3268 Sabivioio

89 3281 495 3426 titillabilffltlt
510 3283 1106 3419 vastatarum}-aare

89 3441 138 3480 om.
156 3427 184 3482 d.
221 3497 226 3510 ⁸
256 3432 291 3481 20
315 3425 454 3507 corbeton
482 3425 624 3508 ofi'aavpru
642 3431 699 3480 ab.
755 3432 789 3482 tt
810 3425 891 3552 afim
919 3435 1010 3491 pruna
1034 3420 1105 3501 qrb,

88 3495 178 3553 bruna
191 3497 250 3568 (sac)
264 3498 291 3552 d.
341 3503 375 3552 23
391 3495 530 3552 silvestria
543 3497 570 3552 d.
592 3497 596 3564 Ι
616 3512 837 3566 prunas-nmo.
888 3497 922 3546 24
936 3491 1042 3558 susten
1054 3491 1108 3558 od.
