2636 3874
446 107 730 211 v-43--

109 325 190 388 aqua
211 307 402 387 perfunditur
424 324 590 387 rursusque
617 311 649 371 in
672 328 707 370 eo
735 311 801 371 loco
824 329 861 372 ex

109 415 174 474 quo
197 404 304 457 erutus
323 403 369 457 est
391 397 475 457 vivus
493 397 652 459 suffoditur
675 406 705 458 et
728 417 762 461 ea
785 417 861 479 aqua

108 487 143 545 in
176 484 283 545 eodem
314 484 411 546 catillo
439 484 560 546 bibitur.
601 485 718 549 cocleae
751 488 860 550 crudae
889 500 975 562 3081.

108 575 202 634 tritae
226 591 263 633 ex
281 576 349 634 vino
369 575 484 634 amineo
504 591 572 634 cum
585 577 689 655 pipere
708 575 860 640 bibuntur.

81 661 225 724 ⁵lacerta
256 662 358 744 viridis
393 662 513 742 dempto
545 665 640 742 capite
673 672 704 726 et
733 665 861 744 pedibus
922 668 959 724 ib.

110 769 183 811 oum
209 751 384 832 interaneis,
417 750 534 812 condita
561 759 595 812 ut
622 752 773 814 fastidium
800 753 860 814 abi·

109 847 214 919 gatur,
246 841 278 899 in
306 837 372 899 cibo
402 839 497 901 datur.
538 839 655 901 rubiam
683 859 741 920 qua
767 841 861 922 pelles
888 854 976 918 24,94.

110 927 313 988 conficiuntur
337 928 457 989 cottidie
480 927 583 988 bibere
606 928 680 990 utile
699 938 745 991 est
768 938 798 991 et
820 929 860 991 la·
888 942 975 1005 2266.

109 1017 183 1076 vari.
217 1018 349 1094 genistae
368 1017 443 1076 rami
460 1016 597 1095 plurimis
611 1016 717 1079 diebus
730 1021 762 1079 in
776 1026 860 1080 aceto

69 1115 96 1155 ¹⁰
110 1095 314 1186 macerantur,
342 1104 448 1165 deinde
475 1104 642 1167 tunduntur
670 1113 700 1167 et
727 1124 859 1185 coquun-

111 1201 177 1254 tur:
219 1211 256 1253 ex
286 1211 321 1253 eo
353 1211 426 1254 suco
463 1193 584 1254 cottidie
617 1195 740 1274 cyathus
775 1198 861 1275 potui

111 1283 209 1344 datur.
245 1282 332 1343 fimus
351 1280 513 1342 bubulinus
531 1281 690 1344 calefactus
709 1285 740 1344 ln
759 1285 859 1344 cinere
887 1295 992 1359 uanas.
1091 1341 1096 1354 ,

70 1371 72 1374 ’
111 1371 240 1432 ferventi
262 1368 336 1430 locis
355 1368 523 1432 dolentibus
542 1371 573 1430 in
593 1369 671 1431 loliis
690 1370 858 1434 cuiuscum-

111 1477 170 1537 que
193 1457 305 1518 holeris
327 1459 498 1538 imponitur.

177 1639 258 1697 1111.
280 1639 565 1696 Proocordiorum
587 1641 708 1698 dolori.

73 1770 98 1811 1⁵
176 1757 213 1818 {n
249 1761 424 1820 universum
463 1760 637 1838 praecordia
673 1759 860 1842 appellentur
887 1771 974 1836 tons.

112 1865 188 1928 quae
212 1841 303 1927 aliqui
325 1847 460 1927 in'plura
477 1847 620 1910 vocabula
639 1848 787 1930 dividunt,
810 1867 859 1910 vo·

111 1943 214 1998 cantos
241 1935 330 1997 modo
358 1935 556 2018 stomachum,
587 1937 740 1998 interdum
767 1939 861 2017 iecur,

110 2025 262 2086 interdum
281 2025 463 2104 praecordia.
490 2025 564 2087 haec
583 2025 652 2087 cum
670 2025 862 2086 induruerint
932 2029 948 2062 *

110 2119 231 2192 praeter
253 2115 460 2193 gravissimum
483 2113 616 2174 dolorem
643 2114 860 2174 velocissimam

70 2211 97 2252 20
111 2209 239 2261 mortem
260 2203 410 2280 ingerunt.

178 2287 233 2350 His
247 2291 370 2352 caninus
380 2289 496 2351 catulus
509 2288 621 2351 lactans
635 2288 761 2350 subinde
771 2307 860 2369 appo·
888 2299 975 2364 tons.

111 2379 194 2438 nitur
224 2379 316 2457 inque
344 2397 414 2439 eum
440 2379 545 2439 viuum
576 2380 703 2439 transire
732 2385 861 2440 constat:

112 2465 287 2527 defunctum
309 2467 396 2528 obrui
416 2469 508 2527 moris
531 2474 586 2528 est.
623 2465 706 2529 bulbi
729 2468 793 2528 triti
815 2469 859 2528 in·
888 2477 994 2541 aulon.

183 2643 199 2690 3
219 2635 324 2692 etrite
339 2637 423 2693 crude
441 2638 468 2694 d.
509 2643 537 2691 ..4
551 2654 585 2692 ex
597 2655 624 2693 v.
638 2637 778 2694 ammineo
791 2639 834 2707 qd
852 2638 898 2707 (ex
911 2635 978 2692 vino
991 2650 1068 2689 mero
1082 2636 1128 2704 rb,

112 2721 212 2761 ameno
232 2707 310 2778 but).
335 2707 343 2790 Ι
364 2706 471 2763 bibitur
488 2709 516 2764 d.
589 2715 605 2764 6
624 2707 738 2763 condita
755 2710 789 2763 ut
809 2709 829 2762 f.
848 2723 873 2762 a.
897 2723 947 2761 om.
968 2705 1013 2760 Pl.
1034 2706 1043 2773 l
1069 2704 1128 2759 obi-

119 2779 203 2848 gstur
219 2793 279 2848 epo:
297 2777 397 2849 abiget
413 2779 503 2848 qdrb.
576 2783 593 2832 8
615 2778 797 2848 perficiuntur
815 2778 860 2833 Pl.
886 2775 1056 2845 (inficiuntur
1074 2775 1130 2846 M).

114 2847 239 2923 {cotidie
258 2850 285 2904 d.
310 2851 314 2918 l
343 2849 440 2906 bibere
466 2849 537 2905 utile
560 2850 612 2904 est.
648 2849 735 2904 Lauri
757 2851 786 2904 et
808 2847 923 2973 ppneste
940 2848 982 2918 qd
1003 2847 1077 2916 (item
1094 2852 1129 2917 r).

112 2919 163 2975 obi
179 2918 267 2988 lauri,
286 2921 319 2976 de
336 2936 389 2990 quo
407 2921 467 2976 solet
482 2920 538 2988 Pe,
555 2924 654 2975 omum
671 2924 710 2975 eat
732 2935 766 2974 ιω
788 2959 805 2989 ,,
839 2917 921 2974 rori“
939 2922 983 2988 (ui
999 2917 1130 2974 bibentes

111 2991 242 3046 lovenbur
261 2991 365 3049 cotidie
384 2991 430 3046 Pl.
449 2992 484 3060 cf.
504 2991 598 3046 More.
618 3007 648 3060 p.
670 2996 721 3046 174
732 3031 738 3044 .
750 3031 774 3045 ..
794 2989 899 3046 cotidie
915 2987 1011 3046 bibere
1029 2987 1130 3046 ischia·

130 3061 183 3116 icis
200 3060 272 3116 utile
290 3064 333 3118 est
350 3063 380 3119 ei
396 3060 426 3116 in
443 3061 546 3118 balneo
564 3061 685 3118 ferventi
707 3059 806 3118 lovan.
832 3060 963 3117 Gonietoe
980 3061 1070 3116 rami.
1081 3104 1089 3118 .
1101 3063 1130 3130 .).

145 3131 267 3188 aramis
286 3136 350 3189 orote
367 3147 437 3189 corr.
454 3148 481 3204 q.
552 3138 584 3188 11
605 3149 639 3188 ex
658 3149 707 3188 suo
727 3148 802 3189 suco.
831 3134 861 3188 et
878 3131 982 3188 cotidie
1000 3131 1082 3188 cistis
1098 3128 1130 3185 id

859 3234 870 3264 Ι

112 3273 195 3344 potui
223 3273 306 3330 delur
330 3276 357 3330 d.
431 3280 464 3329 12
483 3273 622 3330 bubulcus
645 3275 672 3331 d.
715 3308 720 3318 ·
752 3281 785 3330 13
809 3292 894 3345 ormq3
920 3273 1026 3330 holeris
1048 3273 1076 3328 d.

111 3345 155 3399 tit.
173 3345 216 3400 De
234 3344 443 3416 precordiorum
461 3345 558 3402 dolore
576 3347 603 3401 d.
678 3351 710 3399 15
729 3346 859 3403 universo
877 3345 926 3416 qd.
996 3347 1030 3396 18
1048 3341 1129 3396 indu-

112 3413 221 3470 ruerint
237 3417 341 3489 p(b·¹)=
368 3415 598 3472 induraverintd
621 3417 661 3486 (se
684 3419 874 3487 gravaverunt
891 3415 947 3483 rb).
1002 3416 1058 3494 ⁸21
1088 3412 1130 3466 ln-

113 3487 193 3542 etons
211 3502 243 3555 q:
270 3486 416 3544 laetenod
438 3487 515 3558 (Pl).
571 3493 605 3542 22
625 3490 737 3544 constet
756 3490 786 3558 (l)
804 3487 906 3558 pd(r):
934 3481 1057 3538 creditur
1082 3481 1130 3536 Pl.
