2636 3874
570 135 789 198 ..2ss-

440 307 503 379 tur,
526 305 559 359 ut
578 297 613 358 ad
633 297 855 376 spissitudinem
869 296 964 357 mellis
983 298 1094 357 veniat:
1122 304 1188 358 tum

439 387 558 448 additur
579 386 616 447 de
634 405 733 466 myrra
746 386 863 466 pondus
882 386 996 446 denarii
1019 392 1049 444 et
1067 384 1186 446 tantun·

440 476 508 536 dem
535 477 616 536 croci
643 482 673 535 et
700 478 731 535 in
758 493 853 536 unum
879 482 975 536 totum
1002 477 1141 556 teritur,
1157 483 1189 535 et

339 569 374 624 ib.
405 636 408 642 ,
439 563 507 624 inde
526 572 617 644 prout
634 566 731 624 visum
754 565 845 624 luerit
863 582 951 644 aeger
971 565 1085 642 accipit.
1114 565 1189 624 item

439 655 504 714 suci
527 671 680 713 mororum
703 644 823 713 sextarii
846 652 905 714 duo
929 671 997 713 cum
1020 670 1080 712 uno
1104 654 1214 713 attici⁵

438 742 534 803 mellis
568 743 790 823 decoquuntur,
822 749 853 801 et
883 740 952 801 inde
986 741 1187 801 stomachicus

204 851 209 855 “
306 842 411 906 28478.
438 838 528 909 prout
546 834 643 892 visum
660 832 751 898 fuerit
769 832 902 909 accipiet.
939 831 1045 909 capitis
1058 829 1187 908 leporini

439 921 513 979 cinis
544 919 659 979 adiecto
686 918 780 978 nardo
807 919 919 980 mulcet
947 917 1186 998 graveolentiam.
1278 926 1281 940 '

306 1018 411 1081 28‚186.
439 1006 539 1067 ulcera
560 1015 590 1067 et
613 1010 702 1066 rimas
722 1025 824 1067 sevum
842 1006 927 1068 bovis
944 1006 990 1066 vel
1009 1007 1093 1067 vituli
1117 1025 1187 1067 cum

324 1107 411 1169 eant.
439 1095 523 1174 adipe
556 1098 670 1155 anseris
703 1095 847 1160 emendat.
893 1113 1012 1156 amurca
1044 1114 1080 1155 ex
1111 1096 1187 1155 oliva
1202 1107 1227 1146 10

438 1186 522 1263 nigra
545 1185 606 1243 oris
629 1185 707 1243 vitiis
731 1182 874 1244 subvenit.

502 1384 596 1440 xm.
620 1383 797 1440 Dentibus.

323 1513 409 1577 20‚16.
505 1501 682 1563 Cucurbitae
711 1504 819 1562 sativae
849 1501 988 1562 decoctae
1021 1520 1112 1563 sucus
1140 1505 1185 1562 in-

437 1590 520 1650 hibet
538 1591 671 1651 dolorem
690 1598 720 1650 et
743 1589 936 1650 mobilitatem
954 1590 1065 1651 stabilit
1082 1593 1113 1651 in
1133 1609 1185 1651 ore
1306 1615 1307 1654 t

323 1691 409 1753 auae.
439 1697 635 1758 compressus.
680 1679 767 1739 enula
795 1678 831 1738 ab
859 1681 966 1739 ieiunis
996 1680 1185 1740 commandu·

324 1778 409 1842 eope.
439 1775 502 1828 cata
525 1768 680 1828 confirmat
703 1767 815 1827 dentes.
853 1786 928 1846 aqua
953 1770 985 1827 in
1014 1786 1072 1847 qua
1095 1768 1186 1828 alium
1201 1778 1228 1819 1⁵
1308 1809 1309 1852 ,

438 1856 595 1917 decoctum
622 1863 668 1917 est
694 1858 908 1938 gargarizatur,
936 1864 966 1916 et
993 1856 1072 1917 idem
1095 1856 1187 1917 alium

305 1957 409 2020 20‚111.
437 1947 516 2006 cavis
553 1944 692 2006 dentibus
729 1943 849 2005 inditur.
895 1948 1029 2024 asparagi
1065 1947 1187 2005 erratici
1309 1908 1310 1940 ¹

438 2052 545 2094 sucum
571 2036 602 2093 in
630 2043 690 2094 ore¹
707 2036 853 2094 contineri
883 2042 1001 2112 oportet
1028 2033 1187 2095 adversum

323 2135 409 2197 nepe.
437 2122 639 2184 mobilitatem
677 2129 794 2184 acetum
818 2124 843 2182 si
865 2124 898 2182 in
921 2141 972 2182 ore
997 2125 1187 2184 contineatur

331 2222 409 2284 aaut
438 2214 568 2290 gingivas
592 2214 711 2290 stringit
734 2219 765 2271 et
788 2211 892 2272 dentes
911 2213 1053 2272 continet.
1090 2211 1185 2272 olivae
1201 2223 1228 2262 ²⁰

286 2302 346 2370 (om.
362 2301 409 2369 rb)
437 2301 538 2378 nigrae
557 2317 693 2360 amurcae
713 2302 808 2360 muria
827 2299 932 2360 eodem
954 2300 1041 2360 modo
1065 2299 1187 2362 stabilit.

304 2398 408 2460 23,129.
437 2387 568 2465 caprifici
594 2386 677 2447 radix
705 2406 741 2446 ex
769 2390 836 2447 vino
865 2388 1055 2469 decoquitur,
1082 2391 1185 2451 vinum

436 2478 467 2534 in
490 2493 541 2535 ore
566 2477 749 2557 continetur,
774 2476 857 2536 radin
880 2478 950 2537 trita
973 2476 1106 2537 maxillae
1130 2479 1186 2537 im-

241 2708 255 2754 1
280 2700 377 2756 veniat
404 2702 448 2768 (ec.
469 2698 626 2767 decoctum)
649 2699 724 2768 prbe
752 2698 867 2754 veniant
891 2701 917 2756 d.
991 2707 1006 2754 2
1030 2718 1055 2755 a.
1074 2700 1186 2770 pondus

169 2770 276 2827 denarii
294 2772 328 2826 de
348 2771 433 2825 mirre
452 2772 478 2824 d.
533 2775 549 2824 3
568 2787 655 2824 unum
673 2772 745 2839 prb:
763 2770 860 2826 vinum
878 2771 905 2826 d.
973 2778 990 2826 4
1008 2770 1114 2841 accipit
1130 2773 1185 2841 qd:

169 2843 242 2913 -piat
260 2843 305 2896 rb.
331 2843 335 2910 l
360 2843 432 2898 Item
443 2872 475 2906 -,
486 2841 542 2895 duo
559 2843 634 2910 prb:
652 2841 724 2896 Item
742 2840 957 2898 siccomorornm
971 2841 1047 2897 succi
1065 2842 1111 2898 vel
1125 2859 1187 2898 sex·

168 2912 234 2968 terii
252 2912 341 2968 duod
359 2912 403 2980 (cc
420 2928 479 2966 aar.
495 2913 551 2968 lect.
566 2913 758 2981 suprascripta
777 2912 852 2968 succi
870 2913 917 2968 vel
936 2912 1029 2982 sicco).
1085 2918 1100 2966 ὁ
1120 2929 1186 2968 com

168 3001 224 3039 uno
243 2984 305 3052 pbr
337 2983 412 3052 (cum
431 2986 455 3036 1,
474 2984 494 3038 d
516 2984 550 3051 cs.
572 2983 643 3053 Pl.):
672 3001 736 3038 cum
754 2982 820 3039 vino
838 2984 882 3039 rb.
956 2984 1187 3052 ddecoqunntur

168 3055 240 3124 prb:
261 3053 368 3122 -quitur
386 3054 412 3109 d.
439 3054 443 3120 Ι
469 3055 634 3109 stomaticen
652 3054 710 3123 prb
729 3055 879 3124 (stomacus
893 3059 958 3123 post
976 3053 1062 3109 fuerit
1079 3055 1116 3122 tt).

168 3130 186 3178 8
205 3124 318 3178 mulcet.
338 3122 429 3180 Greve
442 3125 549 3180 olentia
561 3125 672 3180 ulcere.
685 3169 707 3181 ..
728 3126 753 3181 d.
809 3131 826 3179 9
844 3124 891 3180 vel
908 3126 947 3194 pb
966 3125 1047 3195 (Pl.):
1066 3128 1095 3180 et
1112 3126 1139 3180 d.

123 3252 128 3263 ,
169 3197 212 3250 tit.
240 3193 283 3249 De
301 3195 433 3251 dentibus
450 3213 482 3265 9,
509 3195 555 3250 Ad
572 3196 670 3251 dentes
689 3197 715 3252 d.
772 3201 805 3250 te
825 3194 982 3251 stabilitio
1001 3213 1059 3251 ore:
1090 3195 1188 3251 stabili

169 3268 267 3322 tenore
285 3267 333 3337 qd.
399 3271 433 3322 14
451 3283 622 3337 compressus
640 3283 669 3336 p:
695 3266 811 3336 eprimit
828 3267 847 3321 d
866 3268 906 3335 (et
922 3267 1041 3322 mobiles
1061 3266 1189 3321 stabiliet

168 3337 201 3392 in
228 3354 275 3393 ore
304 3355 366 3393 eom
386 3356 477 3394 nessus
500 3339 544 3394 rb.
573 3338 607 3405 cs.
629 3339 720 3393 Marc.
744 3354 775 3406 p.
796 3341 849 3406 93).
923 3344 957 3392 14
982 3337 1065 3392 enula
1087 3337 1187 3405 pdrb:

172 3409 250 3463 tnule
265 3410 310 3466 Pl.
327 3413 332 3477 Ι
348 3356 386 3465 ab
402 3409 503 3466 ieiunis
521 3410 580 3480 prb
599 3409 682 3478 (Pl.):
701 3425 751 3464 om.
766 3409 792 3463 d.
830 3413 862 3462 21
879 3409 1040 3476 „munem
1055 3423 1105 3462 om.
1122 3405 1184 3476 Pet

176 3480 258 3534 modo
277 3497 326 3535 oro.
345 3497 370 3550 y.
443 3487 477 3535 22
497 3479 627 3551 caprofici
645 3495 670 3549 9.
