2588 3886
483 167 726 232 -201-

80 333 199 412 petinni
228 330 431 392 reicientibus
455 333 628 412 sangumem
657 330 884 392 saluberrimum
909 330 1003 391 credi·

80 429 145 502 tur,
179 420 303 481 tussim·
325 421 442 499 mitigat
464 437 535 482 cuns·
564 437 648 480 merc
674 425 786 500 petum.
832 419 935 479 eadem
963 426 996 480 et·
1015 410 1089 479 (Gal-

81 511 195 570 ceteris
220 507 344 570 arbelis
367 508 502 588 pastillus
523 509 567 569 vis
585 509 685 570 inesse
707 509 847 589 traditur,
871 515 905 570 ut
923 485 1114 579 lolia-³⁸²⁷)

81 598 127 659 vel
151 605 266 660 cortex
292 597 328 660 ad
351 604 469 676 tempus
493 595 648 676 adsumpta
666 599 801 678 aperiant
821 604 953 676 purgent
974 604 1006 657 ct

57 695 265 748 aextenuent„

150 869 274 926 Hm.
307 871 357 927 De
379 869 545 924 chanana.

152 987 322 1049 Abellanae
345 989 376 1048 in
400 986 467 1047 cibo
492 993 627 1066 sumptae
651 986 784 1047 dolorem
808 985 897 1066 capiti
919 987 1002 1047 incu·
1038 979 1084 1033 Pi.

85 1079 181 1160 tium,
202 1076 396 1138 stomachum
417 1075 567 1138 inflatione
588 1074 769 1137 distendunt.
798 1077 917 1154 corpori
932 1055 1103 1136 sane²3’⁷⁸·

85 1165 309 1246 pinguedinem
329 1165 497 1226 conferunt.
534 1166 629 1225 siccae
652 1166 678 1225 si
700 1166 731 1224 in
750 1182 818 1225 vaso
842 1161 926 1224 fictili
944 1171 1004 1224 ter·

87 1263 230 1336 reantur,
252 1251 502 1315 destillationibus
522 1253 691 1332 mitigandis
705 1252 861 1314 utilissime
877 1254 1005 1313 ellerun·

54 1498 76 1536 10
153 1484 312 1560 Amygdala
334 1483 423 1541 dulcia
439 1485 553 1541 virtutes
568 1483 745 1540 calidissimas
758 1483 859 1539 habent
873 1491 901 1538 et
916 1483 1119 1552 nuni-(sam)

91 1578 151 1627 unt.
190 1569 284 1628 calida
299 1576 365 1625 sunt
379 1567 414 1625 ob
435 1569 643 1643 pinguedinem,
665 1569 790 1626 nutriunt
811 1567 874 1641 quia
895 1583 1007 1624 camosa

91 1662 166 1713 suut.
207 1653 354 1728 amygdala
376 1654 495 1710 recentia
510 1653 679 1710 stomachum
694 1660 817 1710 onerant.
853 1653 926 1708 sicca
946 1666 1008 1708 cum
1105 1692 1109 1701 .

92 1738 223 1810 pellicula
248 1754 300 1796 sna
322 1745 441 1794 comesta
463 1738 604 1796 stomacho
628 1737 722 1808 utilia,
744 1743 868 1795 ventrem
889 1743 1007 1806 movent,

94 1820 260 1882 ebrietatem
277 1829 387 1894 arcent,
409 1839 535 1878 somnum
550 1822 662 1880 iaciunt.
699 1824 826 1878 tritorum
842 1837 903 1878 enm
918 1829 1009 1876 menta

57 1921 81 1960 15
94 1923 177 1964 sucus
201 1908 367 1982 sanguinem
381 1908 526 1964 reicientes
548 1907 630 1965 iuvat.
667 1906 756 1964 nuclei
779 1907 853 1963 tosti.
868 1905 926 1961 triti
948 1920 1009 1960 cnm

96 1991 176 2048 melle
201 1992 261 2049 dati
285 1993 380 2048 tussim
404 1991 513 2050 tollunt.

159 2075 314 2152 Amygdala
342 2091 430 2133 amara
464 2075 577 2132 fortiora
596 2084 670 2134 sunt
697 2092 713 2130 a
738 2073 872 2135 dulcibus.
920 2071 1009 2147 spleni
1029 2069 1087 2138 (91)

97 2159 212 2220 iocineri
237 2169 267 2220 et
289 2159 385 2218 morbo
408 2161 485 2236 regio
508 2160 620 2218 nucleos
649 2161 730 2216 trites
752 2175 812 2216 cum
835 2173 910 2216 mero
932 2157 1011 2232 potui

98 2243 171 2302 dam.
212 2249 311 2304 tritum
326 2261 387 2304 cum
403 2244 465 2302 alec
487 2244 647 2302 instillatum
667 2243 777 2300 auribus
792 2244 930 2317 antiquam
951 2259 1011 2300 sur·

62 2327 191 2388 aetitiam
209 2330 294 2390 tollit.
325 2345 385 2386 cum
401 2346 476 2388 mem
498 2337 594 2403 potum
617 2331 713 2386 tussim
730 2327 810 2386 tollit.
840 2329 934 2384 tritum
949 2343 1012 2384 cum

99 2422 177 2470 aceto
193 2417 308 2474 vulnera
324 2416 459 2470 iumento
478 2422 544 2470 nata
561 2420 588 2470 et
609 2415 774 2489 inpetigines
790 2412 873 2471 tellit.
910 2413 1012 2486 gummi

101 2513 197 2556 eornm
221 2507 271 2556 aut
293 2499 406 2573 chymus
429 2498 521 2571 (cimas
543 2496 616 2572 cod.)
639 2515 671 2556 es
693 2499 775 2572 p'csca
797 2499 877 2554 datur
899 2496 1009 2570 sangui·

102 2597 163 2638 nem
185 2581 371 2642 reicientibus.
411 2579 558 2660 [hepaticis
581 2599 703 2658 congrua
724 2590 789 2638 sunt
811 2589 929 2656 purgato
952 2595 1012 2636 cor·

57 2681 60 2698 ¹
104 2666 154 2724 lice
178 2669 208 2726 in
232 2668 414 2742 aquatepida
438 2674 464 2725 ei
486 2668 527 2723 sic
548 2661 749 2742 comedantur]

103 2780 319 2793 -ῌ-ε

176 2897 190 2944 1
211 2886 403 2946 reiicientibus
423 2887 497 2957 (lic)
514 2903 539 2956 9.
566 2885 570 2958 Ι
598 2904 620 2942 ι·.
640 2901 717 2957 sang.
735 2886 850 2956 prodest
867 2861 893 2942 d.
964 2891 980 2940 2
1001 2883 1123 2956 (eadam)

106 3026 171 3102 *p
199 3036 250 3077 osu.
273 3021 300 3075 d
381 2975 774 3097 e·00teriss.⁸13”⁰a}'duus(sic)
796 3033 815 3088 p
842 3018 880 3086 (c.
905 3016 1012 3073 arboris
1033 3034 1061 3086 p.
1080 3017 1121 3084 a).

109 3085 171 3155 lm
189 3093 240 3148 rb:
267 3107 318 3147 om,
337 3091 393 3161 pal
413 3091 458 3157 (cf.
479 3088 541 3145 Gal.
561 3084 663 3160 ὁμοίαν
683 3086 742 3158 ἔχει
759 3083 812 3157 τὴν
831 3083 975 3160 δύναμιν).
1038 3085 1123 3140 Μᾶ-

109 3163 223 3232 sumpts
238 3179 291 3233 pc,
309 3164 455 3234 assumpta
473 3161 495 3216 l:
514 3163 627 3229 sumpta
638 3161 683 3217 rb.
701 3161 705 3228 l
725 3166 822 3230 eperia
835 3176 866 3230 v,
883 3160 982 3230 aporia
995 3159 1012 3212 t.
1029 3159 1033 3226 1
1050 3158 1080 3210 et
1091 3171 1123 3238 p:

109 3243 159 3285 om
176 3235 285 3304 cl(rl›).
353 3232 395 3288 tit.
414 3237 440 3286 et
458 3237 474 3286 6
494 3231 640 3287 abellanae
658 3247 709 3300 pv:
728 3229 856 3286 avellana
875 3232 909 3287 ld
922 3230 989 3299 (rb).
1058 3231 1124 3280 tim

111 3299 171 3358 cibo
187 3335 220 3346 —
236 3308 273 3376 (8)
295 3305 390 3360 iemnt
410 3304 455 3358 tte
481 3319 532 3358 nn.
556 3304 592 3371 d,
623 3303 888 3370 addidicimus
915 3315 974 3369 cap,
1001 3299 1006 3366 Ι
1036 3293 1125 3366 capili

110 3373 197 3437 pald:
217 3376 266 3432 ·lis
284 3376 329 3431 rb.
385 3381 399 3429 7
419 3373 563 3429 inflatione
582 3373 759 3428 stomachum
777 3373 867 3429 dab.
884 3373 888 3440 Ι
904 3386 970 3426 saue
989 3384 1040 3424 om.
1058 3367 1085 3422 d.

111 3445 402 3503 Ssiccaeinvasef.
423 3441 938 3515 sitrb.lvasopn:vasetd(rb).
997 3438 1124 3494 edicul-

111 3509 261 3576 lationibus
278 3517 431 3589 pvldpd).
449 3519 453 3585 Ι
469 3516 619 3571 offerantur
638 3517 664 3571 d.
