2588 3886
487 149 729 215 -199—

74 317 165 396 lenit,
186 317 216 375 si
237 315 274 374 in
292 314 365 373 vino
378 320 479 373 vetere
499 312 586 373 detru
607 315 639 372 in
658 311 820 373 sorbitione
836 312 1010 374 resolutum.

73 403 168 465 simili
183 402 287 464 ιιιοάο
304 400 409 462 datum
427 399 737 469 fastidiumstomachi
750 401 914 462 nausiantis
928 419 1009 461 aver·

73 495 111 554 tit
129 500 163 554 et
184 511 203 553 e
226 492 317 552 facie
335 488 507 551 foeditatem
529 484 650 571 palloris
668 489 806 550 excludit.
840 507 908 550 cum
926 507 1010 551 mero

72 582 227 642 baustum
259 578 398 640 calculos
426 579 513 639 etiam
541 577 651 656 quibus
677 579 794 640 vesicae
821 577 930 639 canalis
958 576 1009 639 ob·

48 672 215 732 astruitur
241 671 279 730 in
307 665 435 728 barchae
458 665 610 746 pulverem
634 667 729 728 solvit.
1018 664 1025 672 ’

53 843 55 848 ·
142 835 250 902 Lm.
288 834 340 889 De
363 831 556 902 amygdalo.

145 950 361 1032 Amygdalum
374 967 494 1031 recens,
513 957 547 1010 ut
561 947 662 1010 multis
676 949 807 1030 videtur,
821 949 1008 1011 stomachum
1043 942 1088 996 Pi·

76 1049 198 1102 onerat.
243 1037 441 1101 Dioscorides
468 1040 558 1099 etiam
585 1038 727 1118 prodesse
755 1037 907 1100 stomacho
931 1037 1008 1100 arbi·
1021 1017 1109 1081 ²³³⁵·

77 1137 196 1212 tratur,
224 1131 255 1190 si
277 1147 353 1189 cum
368 1126 506 1188 'folliculo
530 1145 585 1188 suo
608 1127 733 1188 nucleus
756 1127 924 1189 devoretur.
962 1147 1007 1188 ca·
1021 1101 1100 1228 156

78 1227 134 1297 put
158 1223 364 1298 praegravat,
372 1205 548 1296 “caliginem
571 1218 679 1296 nutrit,
707 1216 901 1296 cupiditatem
922 1235 1010 1278 vene·
1039 1215 1046 1241 ’
1102 1215 1147 1278 ⁸.

44 1320 67 1358 1⁰
79 1309 142 1368 riae
174 1307 351 1386 voluptatis
378 1303 521 1366 accendit.
563 1306 641 1365 sicca
669 1307 756 1366 etiam
785 1313 888 1366 contra
917 1305 1011 1366 ebrie·

81 1403 178 1457 tatem
192 1395 319 1475 valent,
338 1396 363 1454 si
382 1401 449 1454 ante
463 1394 565 1454 vinum
583 1395 715 1473 quinque
735 1402 899 1454 sumantur.
932 1395 1013 1454 sitim

82 1501 119 1544 ex
138 1485 190 1546 his
210 1483 398 1544 inflammari
416 1481 466 1542 illo
485 1489 660 1561 argumento
678 1482 804 1543 docetur
822 1481 901 1561 quod
915 1481 1012 1561 vulpis
1033 1509 1035 1513 >

84 1591 155 1634 cum
186 1570 348 1653 amygdala
381 1570 566 1631 devoraverit
592 1589 648 1631 nec
676 1587 781 1650 aquam
813 1573 845 1631 in
876 1573 1011 1650 proximo

83 1658 233 1723 babuerit
258 1661 385 1721 interire
405 1658 547 1720 creditur.
585 1673 723 1720 somnum
746 1657 871 1740 iaciunt,
895 1661 1011 1720 urinam

51 1759 73 1798 ¹⁵
87 1757 229 1832 movent,
261 1750 442 1810 feminarum
469 1749 547 1808 iusta
574 1750 778 1828 praecipitant.
816 1766 885 1809 cum
914 1747 1011 1810 amulo

86 1961 227 2024 incidunt.
269 1960 359 2018 dulcia
386 1961 529 2018 stomacho
558 1961 709 2033 contraria,
739 1962 820 2018 citius
843 1969 933 2017 tamen
962 1977 1013 2034 per

87 2045 223 2104 intestina
249 2046 350 2102 fluunt.
389 2046 492 2120 gummi
519 2045 578 2102 eius
601 2061 649 2102 ore
677 2043 818 2101 detentum
842 2052 870 2102 et
891 2045 1011 2120 glutien-

90 2127 155 2186 dum
170 2133 293 2190 arterias
314 2129 396 2201 lenit,
419 2130 627 2186 vetustissimam
644 2137 746 2186 tussem
762 2125 919 2204 conpescit,
950 2144 1029 2186 cum‘

90 2228 168 2272 mero
193 2225 296 2291 potum
319 2213 437 2270 calculos
459 2215 487 2271 in
510 2215 598 2270 vesica
619 2213 732 2288 frangit.

161 2367 213 2418 De
233 2367 362 2418 tubere.

55 2462 79 2502 ²⁰
157 2458 255 2516 'inber
269 2459 403 2516 virtutem
426 2457 507 2514 habet
527 2457 681 2533 stypticam.
711 2476 792 2532 poma
813 2461 872 2534 ipsa
894 2455 1013 2516 comesta
1031 2457 1088 2527 (82)

95 2543 271 2602 stomachum
300 2543 468 2599 nausiantem
496 2551 524 2598 et
551 2539 652 2599 durum
674 2545 778 2600 ventris
806 2543 1011 2618 constringunt.

97 2625 203 2684 utiliter
227 2626 327 2684 riantur
350 2628 509 2702 sanguinem
532 2626 717 2685 reicientibus.
768 2703 771 2710 Ι

172 2853 187 2903 1
208 2849 234 2904 ai
253 2866 315 2904 cum
336 2866 362 2903 v.
380 2849 407 2903 d.
429 2847 433 2914 Ι
457 2845 548 2903 veteri
563 2847 642 2917 pald
650 2847 716 2916 (rb).
772 2853 788 2902 3
807 2847 972 2904 foeditatem
991 2864 1021 2916 o,
1049 2847 1120 2904 fedi-

99 2915 190 2972 tatem
208 2921 273 2990 pld.
289 2919 295 2991 Ι
311 2937 374 2976 cum
392 2935 469 2974 mero
487 2918 515 2974 la
534 2919 572 2974 ad
593 2919 733 2988 saumis
750 2919 871 2988 pertinet
893 2919 954 2988 (aec.
973 2919 1062 2989 Gali,
1081 2920 1120 2975 ad

96 2988 199 3051 priora
217 3006 267 3048 acc.
287 2991 364 3046 codd.
410 2995 427 3044 1
445 2989 555 3046 vesicae
574 2987 680 3044 canalis
693 3006 724 3059 9:
743 2989 836 3064 vasicp
851 2990 957 3046 canalis
975 3008 1006 3059 o,
1024 2989 1120 3046 vesica

100 3059 203 3116 coralia
227 3064 263 3118 ld.
289 3065 294 3133 Ι
320 3061 447 3118 obruitur
466 3060 507 3115 ld.
566 3061 608 3115 tit.
627 3061 670 3115 De
688 3061 840 3132 amygdala
857 3077 903 3131 po.
968 3061 1036 3118 7Ι).
1050 3076 1117 3117 vero

102 3127 190 3186 ctiam
208 3134 253 3189 rb.
270 3135 274 3202 t
295 3132 439 3188 stomacho
457 3131 590 3203 prodesse
604 3133 648 3186 rb.
694 3137 711 3186 8
730 3131 775 3186 sui
788 3131 881 3188 nuclei
895 3135 912 3188 l.
929 3134 933 3201 1
953 3133 1018 3187 biae
1032 3133 1120 3186 acco

102 3197 285 3280 Amigdalnrn
304 3221 326 3260 c
340 3221 383 3273 pr.
399 3245 405 3257 .
421 3245 449 3258 ..
495 3202 659 3258 bucheriae
677 3203 745 3272 pol:
764 3220 899 3260 venereae
917 3203 961 3259 rb.
1009 3209 1042 3258 10
1060 3201 1116 3257 vol.

103 3269 189 3326 elram
203 3275 333 3330 accendit
346 3275 391 3330 rb.
409 3277 413 3340 Ι
430 3273 541 3330 Siccnm
612 3272 690 3329 valet
704 3273 745 3328 ld.
763 3275 767 3341 Ι
784 3273 869 3330 etiam
880 3274 973 3344 pald:
991 3289 1057 3330 vero
1070 3273 1118 3328 rb.

140 3345 172 3396 11
193 3344 379 3416 sitim—(14)
398 3344 520 3400 creditur
537 3361 588 3399 om.
607 3345 634 3399 d.
699 3350 733 3398 12
752 3345 845 3416 vulpis
862 3347 928 3415 poia
958 3361 1019 3414 pes
1036 3344 1082 3398 rb.

106 3413 138 3462 13
157 3413 300 3471 devorarit
313 3417 331 3470 l.
379 3420 411 3471 15
430 3415 524 3472 amulo
543 3415 629 3485 (Pi.):
646 3415 799 3485 amygdala
812 3417 872 3485 (sic)
885 3433 916 3486 9,
935 3414 1079 3486 amigdala
1092 3430 1119 3482 o,

108 3481 247 3552 amigdato
266 3488 299 3542 ld
317 3487 488 3559 (Amygdala
506 3503 615 3557 quoque
636 3503 699 3542 cum
718 3485 814 3543 meula
832 3487 889 3556 rb).
1030 3523 1031 3530 .
