2640 3884
509 123 839 214 --1or-¹

131 282 269 346 bibissent
281 301 436 347 venenum.
462 283 623 366 Pompeius
637 293 737 350 summ
746 303 872 368 magnus
898 299 1005 364 ealle.

130 371 289 435 Mithridate
319 373 434 437 devicto
461 375 574 436 invenit
600 377 633 438 in
666 377 777 438 somnio
805 377 871 438 eiua

129 461 217 541 ipsius
243 464 495 543 manuscriptam
524 466 784 546 compositionem,
812 481 871 544 qua

128 549 172 612 ille
203 558 392 631 praesumpta
427 551 569 614 adversus
601 556 701 614 omnia
728 554 870 615 veneficia
994 609 997 612 .

105 640 156 700 tin
189 648 284 701 totum
316 639 395 701 diem
430 647 529 702 tutum
561 654 593 702 se
630 641 869 722 incolumemque

127 727 300 810 praestabat:
314 746 407 789 nuces
421 727 575 808 iuglandes
589 729 674 812 duae,
687 730 763 790 deus
773 732 869 792 siccae

44 891 46 894 Ι
127 813 209 898 dnae,
240 823 326 878 rutae
358 815 427 878 iolla
454 831 517 900 xx,
549 817 620 879 salis
647 833 773 898 granum
796 833 810 880 1
837 820 869 880 in

126 923 213 966 unum
231 903 459 966 contunduntur
477 913 508 967 et
525 905 706 968 devorantur
723 925 740 969 a
758 909 868 970 ieiuno.

158 1047 167 1057 Δ.
185 989 339 1056 Electrum
358 1002 404 1055 est
423 1011 530 1056 aurum
547 997 578 1055 in
598 1013 658 1076 quo
677 997 780 1076 quinta
797 1015 869 1078 pars
895 1005 984 1070 esec.

93 1089 115 1131 1⁰
126 1083 233 1162 argenti
256 1083 416 1144 invenitur.
454 1101 491 1144 ex
510 1100 569 1162 quo
592 1087 619 1145 si
637 1085 704 1164 quis
722 1101 792 1147 raso
815 1104 867 1165 po·
895 1095 983 1160 33‚81.

126 1173 226 1232 latoria
244 1175 361 1254 utatur,
385 1171 507 1233 insidias
532 1175 638 1234 veneni
660 1165 771 1234 vitabit.
809 1173 867 1235 dis-¹
979 1206 981 1210 ·

124 1268 244 1321 currunt
273 1261 353 1321 enim
380 1261 411 1322 in
439 1279 479 1321 eo
507 1277 596 1322 arcus
623 1259 801 1323 caelestibus
829 1263 867 1326 si·

123 1347 201 1409 miles
239 1365 318 1410 cum
345 1349 439 1429 lgneo·
469 1349 611 1432 stridore,
647 1362 743 1430 coque
779 1343 867 1413 modo

123 1434 228 1518 duplici
255 1439 371 1498 ratione
404 1435 639 1518 deprehenditur
671 1438 778 1501 scelus.
821 1445 867 1501 est
894 1449 982 1512 eaeo.

90 1531 112 1574 1⁵
123 1525 262 1588 electrum
281 1525 384 1586 lictum
401 1528 520 1588 inaure
539 1526 639 1589 addita
652 1529 768 1607 argenti
781 1536 866 1607 parte

123 1617 232 1698 qnbna,
262 1613 315 1675 sed
341 1613 399 1676 hoc
426 1622 542 1677 tantum
563 1623 695 1696 praestat
723 1624 868 1698 quantum
979 1696 982 1702 Ι

121 1697 188 1764 iilud
211 1702 356 1764 naturale.
907 1703 910 1710 “

31 1855 36 1868 ‚
181 1789 263 1874 llrgo
286 1795 515 1855 monstravimus
538 1811 597 1874 quo
623 1791 755 1857 antidoto
778 1811 866 1857 vene·

121 1894 188 1942 num
209 1899 272 1943 non
296 1881 468 1944 admittatur
491 1889 521 1944 et
544 1900 603 1963 quo
620 1883 739 1944 vasculo
762 1877 866 1964 argua-
989 1933 998 1943 .

87 1971 174 2030 orm.
210 1987 292 2032 nune
316 1977 347 2032 et
369 1971 500 2032 remedia
523 1987 688 2051 suggerem.

182 2055 365 2121 Centaurion
392 2067 496 2140 potum
519 2061 618 2122 omnia
640 2058 716 2121 mala
739 2055 865 2121 medica·
894 2064 999 2131 estet.

120 2156 214 2210 menta
232 2149 326 2227 exigit
342 2163 399 2228 per
417 2147 523 2210 alvum
556 2146 762 2210 aristolochiae
782 2147 866 2209 radix
894 2155 990 2219 eides

120 2236 247 2313 pondere
285 2236 399 2299 denarii
430 2255 467 2299 ex
498 2237 616 2297 hemina
647 2239 708 2298 vini
744 2235 865 2298 bibitur.
892 2227 1026 2299 (efi101).

121 2327 236 2404 sanguis
269 2327 392 2387 caninus
420 2325 558 2388 hauritur
589 2324 732 2388 adversus
759 2327 865 2410 toxica.
893 2335 980 2400 eope.

87 2415 109 2457 ²⁵
121 2414 273 2493 coagulum
301 2416 442 2494 agninum
464 2417 495 2475 in
518 2416 654 2498 potione,
681 2414 865 2478 ventriculus
893 2425 1000 2489 aeneo.

120 2502 247 2565 ciconiae
281 2521 349 2565 cum
377 2501 453 2565 lacte
481 2505 581 2565 ovium
610 2505 642 2565 in
669 2502 736 2567 cibo
768 2504 865 2566 datur.
893 2512 998 2577 uomet.

186 2729 204 2784 i
226 2724 371 2783 mitridate
395 2727 451 2798 qd,
474 2725 648 2798 Mythridute
670 2745 694 2783 r.
718 2725 725 2798 Ι
749 2725 861 2783 demeto
883 2723 1029 2780 mitridate
1051 2721 1079 2781 d.

120 2795 201 2854 lille
246 2797 279 2854 d:
300 2797 362 2869 ipso
379 2797 426 2857 rb.
451 2799 456 2867 Ι
480 2795 620 2853 meleficia
637 2798 675 2856 d·
726 2803 796 2853 ese
812 2805 866 2852 'om
884 2797 912 2853 d.
967 2795 1134 2868 epruestu-

120 2865 168 2923 bet
182 2813 255 2941 prb:
273 2866 371 2942 piavit
387 2869 427 2926 dc
469 2874 485 2924 '1
503 2868 535 2924 in
551 2869 699 2939 nnum'pd
716 2866 813 2937 (simul
833 2867 904 2938 Pl.):
922 2866 953 2922 in
970 2864 1069 2923 rmum
1085 2867 1133 2925 rb.

153 2944 187 2996 to
208 2940 352 2998 invonitur
374 2939 485 3012 urgendi
508 2940 537 2995 d.
561 2942 566 3010 Ι
591 2955 660 2995 reso
677 2955 708 3010 p:
735 2955 802 2995 rese
825 2939 874 2995 db.
900 2939 905 3008 Ι
929 2937 1087 3010 portatorio
1105 2940 1133 2996 d.
1224 2961 1229 2972 ·

154 3015 186 3066 12
206 3011 281 3068 enim
299 3027 350 3066 ora.
369 3012 396 3067 d.
422 3014 428 3080 ι
450 3009 550 3067 similis
567 3025 593 3080 p.
649 3015 683 3067 13
702 3027 767 3067 enm
784 3026 836 3068 om.
853 3011 881 3067 d.
902 3011 907 3082 Ι
931 3025 1034 3082 coques
1053 3026 1087 3067 eo
1105 3011 1133 3067 d.

154 3085 187 3136 14
204 3081 257 3139 Est
272 3084 345 3166 prb:
364 3097 416 3138 om.
434 3083 461 3139 d.
518 3087 552 3166 lp
570 3082 668 3138 lictum
684 3083 762 3153 pala:
781 3097 832 3138 ono.
845 3098 868 3137 r.
894 3082 899 3150 1
924 3081 1035 3154 argenti
1051 3083 1134 3154 parte

121 3150 215 3210 addito
233 3156 333 3224 qmntu
349 3154 381 3222 cl,
400 3169 425 3210 u.
444 3169 470 3212 n
489 3155 591 3224 quma
607 3154 752 3225 perturb.
808 3159 842 3209 1o
861 3152 911 3210 scd
929 3155 959 3210 et
980 3154 1034 3210 hoe
1051 3153 1079 3210 d.

123 3267 154 3318 te
171 3263 245 3336 linga
262 3266 335 3336 prb:
355 3265 468 3337 Q(Qno)
488 3267 515 3324 d.
538 3266 774 3335 lmonalrebimrm
791 3281 821 3338 p.
840 3265 1091 3324 demonstravimus
1104 3266 1133 3322 d.

154 3340 188 3392 20
205 3339 235 3393 et
251 3353 303 3394 oure
321 3337 349 3396 d.
368 3340 374 3407 Ι
393 3353 573 3408 suggeremus
591 3338 636 3394 rb.
678 3343 712 3396 22
730 3337 916 3396 Aristolociee
934 3355 986 3408 pr,
1004 3334 1091 3418 -logie
1104 3337 1132 3394 d.

154 3410 187 3462 23
226 3407 328 3466 cudere
347 3409 376 3464 b=
403 3408 514 3479 pondus
531 3425 561 3480 9,
584 3408 732 3480 pandect,
760 3409 794 3479 cs.
815 3414 884 3478 1‚l'1.
940 3412 974 3463 25
993 3422 1129 3476 mmnum

121 3476 185 3546 dd(
213 3479 254 3548 l.):
275 3478 472 3551 anguiumrd.
