2654 3878
596 127 815 192 ..66-

312 305 439 369 =26,104.
468 294 546 353 tinus
578 307 615 349 cx
651 288 716 348 oleo
749 286 889 348 subactus
925 285 1050 345 mirifice
1082 285 1233 364 prodest.

408 387 414 404 ‘
467 380 555 439 timus
569 379 708 456 caprinus
721 373 865 436 decoctus
879 391 915 433 cx
929 381 1013 434 aceto
1027 379 1059 433 et
1072 373 1233 434 subactus

468 485 536 528 cum
559 465 654 526 melle.

522 665 666 722 XXIIII.
680 661 908 719 Pernionibus
923 664 957 718 et
969 661 1063 718 vitiis
1075 659 1231 730 pedum.

294 799 389 862 an‚111
404 789 440 842 ib.
535 784 639 844 Pulmo
654 784 786 842 marinus
800 781 970 859 imponitur.
995 781 1094 840 cancri
1108 778 1231 839 marini

335 885 441 948 antea.
469 874 544 932 cinis
563 890 599 930 ex
618 871 683 930 oleo
702 871 872 948 imponitur.
896 865 1011 927 utiliter
1025 885 1100 947 aqua
1115 867 1228 926 loven·
1247 881 1264 920 ⁵

336 973 440 1036 23,123.
468 968 518 1021 tur
532 960 564 1018 in
578 977 636 1036 qua
650 975 754 1017 ervum
769 957 927 1017 decoctum
939 963 995 1016 cst.
1023 956 1098 1016 licus
1116 953 1229 1016 aridae

469 1047 608 1108 decoctae
641 1063 710 1106 cum
742 1061 810 1104 cera
842 1042 952 1122 liquida
985 1042 1124 1105 subactae
1158 1060 1229 1102 am-

355 1149 440 1210 auit.
469 1134 577 1215 bustiS,
604 1131 798 1213 pernionibus
825 1135 1027 1210 imponuntur.
1065 1129 1230 1191 ulceribus

369 1229 406 1282 ib.
470 1240 572 1284 sevum
589 1220 738 1301 pecudum
757 1238 825 1280 cum
845 1219 981 1280 alumine.
1019 1222 1045 1279 si
1062 1237 1138 1298 pura
1158 1220 1229 1279 sint

370 1315 406 1370 io.
470 1311 583 1392 ulcera,
606 1305 718 1389 <cera>
743 1315 892 1369 sanantur.
928 1308 990 1367 limi
1008 1309 1120 1368 murini
1142 1307 1229 1366 cinis
1247 1322 1278 1361 ro

355 1412 442 1474 30,80.
470 1418 506 1460 en
530 1398 594 1458 oleo
618 1406 718 1458 vetere
741 1398 912 1474 imponitur.
950 1395 1119 1456 coclearum
1141 1409 1228 1474 quae

470 1487 566 1548 nudae
598 1488 791 1547 inveniuntur
822 1485 956 1543 vivarum
993 1483 1228 1544 combustarum

371 1579 407 1633 ib.
471 1578 571 1636 cinere
595 1577 693 1635 omnia
715 1573 815 1632 ulcera
837 1571 947 1651 pedum
970 1579 1120 1632 sanantur.
1157 1571 1229 1632 fimi

472 1662 701 1741 gallinaceorum
718 1669 769 1722 aut
788 1658 992 1720 columbarum
1008 1663 1084 1720 cinis
1097 1679 1134 1719 ex
1153 1657 1228 1719 olco

370 1754 408 1808 ib.
471 1747 741 1810 exulcerationibus
773 1748 917 1809 medetur.
963 1751 1083 1808 attritus
1116 1747 1276 1808 calcia-1⁵

470 1845 638 1898 mentorum
667 1836 804 1896 emendat
826 1837 935 1896 veteris
963 1836 1060 1896 soleae
1083 1837 1160 1896 cinis
1185 1853 1229 1895 ex

371 1930 406 1983 ib.
471 1925 545 1986 cleo.
573 1927 697 2002 agninus
711 1924 812 2003 pulmo
826 1923 872 1983 vel
890 1925 1033 1984 arietinos
1047 1925 1228 2003 imponitur.

370 2017 407 2071 ib,
471 2013 569 2073 dentis
606 2012 741 2072 caballini
774 2014 891 2072 contusi
927 2011 1021 2072 farina
1053 2011 1229 2072 subluviem

371 2106 407 2161 ib.
472 2101 616 2161 emendat.
653 2100 780 2160 lacertae
803 2099 905 2159 viridis
931 2101 1053 2178 sanguis
1077 2099 1229 2160 subtritos

275 2330 291 2378 2
310 2323 330 2378 l.
350 2321 479 2391 caprinus
497 2321 556 2375 sive
573 2322 694 2376 bubulus
708 2338 731 2375 r.
747 2321 752 2388 Ι
772 2321 816 2376 lu'o
834 2322 940 2376 minum
954 2322 1106 2390 apponitm
1120 2320 1230 2376 tibulus

196 2389 1227 2532 -turrisculiusurpabaturultusultus

205 2535 267 2591 ticet
289 2534 378 2590 eodem
400 2503 490 2588 errore
514 2533 666 2601 peccauerit
689 2532 770 2586 cuam
792 2533 876 2587 codex
902 2548 956 2602 quo
973 2549 1041 2588 osus
1063 2539 1102 2588 cat
1125 2505 1228 2588 aanor

204 2605 407 2676 compotationis
434 2621 450 2658 r
477 2605 567 2671 (1119
595 2603 640 2656 Ad
666 2602 717 2656 tal.
745 2601 811 2672 dol„
838 2619 895 2658 uon
923 2603 1014 2658 More.
1038 2621 1069 2673 p.
1094 2607 1167 2674 282).

206 2684 222 2733 6
245 2694 343 2734 ervum
364 2675 520 2730 discoctum
542 2677 632 2728 Maro.
655 2689 686 2742 p.
710 2678 762 2727 232
785 2673 868 2747 (Pru
897 2689 994 2729 corum
1016 2675 1164 2729 decoctum
1183 2691 1226 2744 pr

205 2769 240 2816 11,
263 2754 298 2802 lo
326 2747 383 2815 (ced
400 2746 501 2801 ebidem
519 2745 575 2800 alio
597 2745 655 2800 loco
674 2760 770 2799 ervum
788 2754 825 2811 11,
844 2745 903 2814 51),
931 2760 1028 2799 eorum
1046 2744 1155 2815 aliquid
1174 2745 1226 2800 de-

206 2819 318 2872 coctum
344 2818 371 2870 d,
402 2823 405 2883 Ι
434 2817 478 2871 bic
506 2820 570 2870 autc
596 2814 678 2871 Ficus
705 2813 783 2869 arida
814 2814 913 2869 biuios
941 2816 1058 2884 ponitur
1084 2816 1117 2869 in
1144 2817 1227 2870 codd.

204 2905 282 2940 xxvn
296 2884 479 2942 Perniouibus
493 2891 540 2941 etc.
559 2887 632 2955 ab),
651 2885 696 2939 nd
713 2883 861 2954 perniones
878 2886 926 2941 vel
943 2885 1019 2940 vicia
1035 2885 1141 2955 pedum
1157 2887 1187 2940 d.

207 2962 222 3009 7
242 2955 360 3011 subacta
376 2971 402 3024 9.
428 2958 432 3024 Ι
457 2956 594 3012 ambustis
612 2956 664 3025 pb:
683 2971 733 3010 otu.
753 2956 779 3012 d.
834 2959 850 3010 8
869 2955 1016 3011 Ulceribus
1034 2956 1077 3026 qd
1090 2957 1142 3025 (r):
1160 2973 1228 3024 per-

205 3025 336 3081 nionibus
355 3025 401 3079 Pl.
442 3032 591 3083 toacvum
609 3042 635 3095 9.
661 3025 666 3097 Ι
690 3041 760 3096 puru
780 3026 839 3082 Pi:
858 3025 942 3096 plura
958 3028 1001 3096 pd
1014 3027 1059 3096 (r).
1105 3031 1140 3080 10
1159 3041 1229 3080 ocra

206 3111 256 3152 om.
275 3095 543 3164 contumetiam
562 3096 656 3151 Plinii
674 3097 750 3152 codd.
770 3097 875 3166 aliquot
898 3099 933 3166 (v.
953 3097 1055 3167 sotto).
1131 3101 1163 3150 13
1185 3096 1225 3150 ci·

204 3172 270 3222 nere
288 3181 313 3235 p.
337 3168 342 3234 l
366 3165 460 3222 ulcera
479 3168 525 3222 Pl.
549 3168 653 3235 (Maro.
673 3183 704 3236 p.
723 3168 799 3235 232)=
826 3167 943 3222 vulnera
964 3168 1007 3237 qd
1020 3169 1065 3236 (r).
1091 3165 1097 3236 Ι
1126 3165 1226 3222 omnia

205 3237 311 3308 pedum
328 3236 446 3292 vulnera
463 3238 490 3293 d.
547 3244 581 3292 14
599 3237 767 3308 gallinarum
787 3237 834 3292 Pl.
847 3238 972 3307 (Morou
997 3240 1002 3306 l
1027 3237 1224 3292 columborum

205 3309 264 3378 (sic)
282 3324 309 3378 p.
383 3311 415 3362 15
434 3307 561 3362 Adtritos
582 3325 608 3378 9.
682 3314 715 3362 16
735 3306 848 3363 soleed
870 3309 975 3377 (More.
993 3325 1025 3376 p.
1045 3313 1112 3375 136,
1141 3307 1222 3362 Ptin.

205 3381 263 3435 cdd.
281 3379 379 3448 colob:
399 3377 452 3434 soli
470 3379 530 3449 (sic)
548 3395 566 3448 p
584 3379 674 3448 (Plio.
688 3378 764 3433 codd.
782 3382 841 3446 oct„
861 3395 885 3434 o.
900 3378 983 3447 Doti,
996 3378 1087 3445 sedas.
1099 3379 1221 3447 28311).

242 3455 274 3504 18
293 3449 398 3505 Dentes
415 3449 464 3519 pol.
491 3451 495 3516 Ι
519 3448 648 3503 subluine
667 3449 687 3503 d
704 3447 864 3517 (subliviem
882 3451 916 3518 r).
