2640 3884
500 157 740 222 —153-

179 327 258 384 XX.
289 327 338 381 De
361 325 520 382 satureia.

182 443 337 505 Satureiae
366 443 459 505 calida
485 445 584 504 viset
610 460 703 524 prope
731 446 824 523 ignita
846 451 901 505 est.
942 443 1021 504 unde

115 531 156 593 illi
179 541 210 594 ct
234 551 344 594 nomen
366 531 494 593 inditum
516 531 657 612 credunt,
685 531 765 612 qnod
796 549 907 614 pronos
935 533 1023 592 saciat

114 622 145 680 in
172 639 323 682 venerem.
364 619 431 682 ideo
459 628 490 682 et
516 620 652 702 gravidae
674 619 872 700 prohibentur
899 637 963 681 eam
991 621 1022 681 in

116 709 180 769 cibo
205 727 351 778 sumere„
371 727 440 771 nam
459 711 529 771 trita
547 717 577 770 et
595 711 693 769 ventri
711 710 898 788 superposita
918 715 1023 789 partus

92 799 203 859 aetiam
231 805 368 859 mortuos
394 797 486 878 pellit.
527 799 644 858 urinam
667 804 766 858 movet
795 816 832 858 ex
853 798 922 857 vino
944 803 1022 876 pota.

114 884 294 966 lethargicos
316 885 444 948 letaliter
471 885 652 948 dormientes
675 887 785 947 excitat
807 887 896 967 capiti
919 902 1024 946 eorum

116 991 183 1034 cum
202 983 289 1036 aceto
308 975 483 1053 frequenter
501 974 607 1035 infusa.
639 974 825 1036 stomachum
839 975 1024 1034 nausiantem

115 1061 160 1122 vel
181 1064 213 1123 in
243 1082 299 1124 ovo
327 1069 445 1143 sumpta
466 1063 513 1123 vel
539 1071 610 1142 pota
636 1062 799 1126 confirmat.
836 1070 940 1123 contra
963 1064 1024 1123 ani·

116 1150 201 1211 malie
230 1169 307 1232 quae
331 1151 473 1213 aculeatis
499 1150 610 1212 ictibus
638 1153 772 1238 saeuiunt
795 1169 855 1212 non
878 1149 1025 1213 inutiliter

82 1246 104 1285 ¹⁰
116 1236 282 1301 adhibetur.

179 1405 274 1461 xx1.
307 1405 356 1460 Do
379 1417 492 1474 porro.
1035 1465 1050 1512 2
1052 1389 1122 1527 0132

181 1521 279 1612 Popro
312 1524 439 1604 capitato
467 1523 504 1584 ad
535 1522 629 1584 multa
657 1523 791 1600 corporis
818 1521 889 1581 vitia
915 1519 1024 1600 Hippo·

119 1618 213 1672 crates
236 1628 313 1672 usus
336 1618 390 1672 est.
427 1629 533 1672 sucum
552 1612 616 1671 eins
640 1610 815 1689 sangninem
832 1607 1025 1670 reicientibus

85 1693 87 1704 '
119 1699 205 1760 etiam
233 1698 333 1761 solum
359 1698 521 1762 bibendum
548 1698 643 1780 dedit,
675 1698 809 1778 quamvis
837 1698 930 1758 ceteri
957 1713 1026 1756 cum

119 1785 190 1862 galla
217 1787 266 1848 vel
293 1789 370 1849 turis
401 1788 496 1850 farina
526 1786 658 1849 dandum
689 1787 885 1848 censuissent.
926 1784 1026 1846 iuvas

85 1877 107 1918 1⁵
119 1881 287 1938 contractas
305 1876 410 1938 eodem
429 1895 501 1938 suco
519 1875 650 1936 resolvit.
686 1877 785 1955 ipsum
803 1875 892 1936 etiam
910 1875 941 1933 in
960 1872 1026 1933 cibo

120 2082 179 2126 cum
201 2087 317 2129 rosaceo
345 2072 410 2128 trita
437 2078 572 2128 tumorem
599 2069 776 2126 articulorum
803 2066 915 2124 tollunt.
951 2064 1026 2122 ealda

121 2150 222 2229 inqua
245 2156 368 2212 coxerint
389 2155 477 2228 capita
498 2154 571 2225 eius,
599 2153 692 2210 loreto
715 2158 796 2226 caput
823 2149 1026 2219 freneticorum,

121 2250 246 2296 somnum
268 2238 340 2296 iacit.
376 2255 468 2296 semen
490 2239 548 2295 eius
572 2238 666 2294 tritam
688 2252 748 2293 cnm
772 2251 841 2310 aqna
862 2233 957 2308 capitis
979 2231 1027 2289 ‹lo-

121 2317 205 2380 lorem
227 2322 302 2380 tollit
324 2330 352 2380 et
373 2339 498 2380 somnum
520 2318 594 2378 iacit.

31 2443 37 2454 ’
87 2475 110 2518 ro
183 2457 308 2530 Satureio
329 2459 413 2518 calida
435 2467 477 2516 est
499 2466 527 2515 et
548 2473 636 2534 prope
658 2459 751 2533 ignita.
779 2472 906 2516 venerem
921 2462 1025 2512 movet:
1044 2447 1100 2516 (ab)

123 2537 180 2599 ideo
207 2547 237 2601 in
265 2552 345 2601 utero
373 2543 534 2602 habentibus
561 2542 618 2600 dari
644 2542 816 2617 prohibetur.
854 2554 947 2598 semen
968 2539 1027 2594 eius

124 2624 214 2686 tntum
243 2644 276 2685 ex
305 2630 366 2685 vino
394 2634 489 2702 potum
517 2629 622 2685 urinam
644 2633 745 2685 movet.
786 2625 852 2683 lolia
878 2624 937 2679 eins
963 2622 1027 2678 trita

125 2721 182 2767 eum
204 2722 283 2770 aceto
305 2711 390 2771 fronti
411 2712 536 2770 inlicito:
558 2711 723 2784 lethargicos
738 2711 860 2768 suscitat.
900 2700 948 2782 [ad
970 2712 1027 2760 sto·

127 2795 246 2854 nochum
270 2813 331 2854 curn
354 2797 416 2852 vino
439 2805 466 2854 et
489 2812 558 2872 aqua
580 2793 656 2852 calda
675 2792 799 2865 bibitor]

84 3031 92 3050 .
192 2995 703 3066 lfiabnreisp.lvisesbetp.i.l.
757 2991 1134 3062 iillietpoeetillilrb.

128 3061 451 3136 loreliburblfacibr.
513 3067 612 3124 aideo
630 3068 660 3123 ob
676 3067 741 3137 pol:
764 3065 883 3134 ideoque
900 3065 1051 3133 chloam
1067 3065 1135 3135 pol:

126 3147 157 3188 eo
173 3140 218 3194 rb.
276 3137 421 3208 supposita
442 3139 556 3208 potor:
584 3137 730 3208 supponite
746 3137 791 3192 rb.
852 3140 868 3190 5
890 3135 974 3206 pellib
994 3137 1061 3205 pol:
1079 3150 1136 3216 'ex-

125 3205 204 3270 pallia
219 3211 265 3267 rb.
282 3212 287 3274 Ι
302 3210 398 3265 moreh
415 3225 450 3264 ex
462 3227 489 3266 v.
502 3209 568 3279 pol:
587 3211 683 3264 movet
701 3211 731 3264 eb
748 3224 783 3263 ex
799 3225 826 3264 r.
840 3207 886 3262 rb.
937 3212 953 3262 6
971 3205 1135 3276 lithsrgncos

125 3271 257 3336 lebenter
275 3278 427 3349 (loetaliter
445 3282 471 3350 a)
489 3295 527 3350 po
551 3278 735 3350 (lybbargicos
756 3277 901 3352 lethaliter
918 3278 952 3346 r).
1008 3282 1023 3329 7
1042 3274 1134 3358 παυρί-

127 3348 217 3405 entem
233 3352 277 3407 ol:
306 3352 488 3406 nauseantem
505 3367 531 3422 p.
595 3355 692 3406 anon
709 3352 746 3419 (fr)
769 3348 879 3404 utiliter
899 3361 925 3402 c.
989 3352 1021 3399 11
1042 3346 1137 3414 cepeto

127 3415 195 3497 aglo.
211 3421 376 3549 lbippotypo·
387 3422 499 3491 horolen
511 3438 557 3492 po.
605 3426 638 3476 12
657 3437 754 3477 sucum
772 3420 832 3476 eins
848 3419 914 3490 pol:
933 3432 1047 3472 snconm
1061 3416 1136 3470 enim

128 3499 242 3550 1111181.
