<?xml version="1.0" encoding="UTF-8"?>
<!DOCTYPE html PUBLIC "-//W3C//DTD XHTML 1.0 Transitional//EN"
    "http://www.w3.org/TR/xhtml1/DTD/xhtml1-transitional.dtd">
<html xmlns="http://www.w3.org/1999/xhtml" xml:lang="en" lang="en">
 <head>
  <title>
</title>
<meta http-equiv="Content-Type" content="text/html;charset=utf-8" />
  <meta name='ocr-system' content='tesseract 3.04.00' />
  <meta name='ocr-capabilities' content='ocr_page ocr_carea ocr_par ocr_line ocrx_word'/>
</head>
<body>
  <div class='ocr_page' id='page_1' title='image "./pliniisecundiqu03plingoog_0090.png"; bbox 0 0 2654 3878; ppageno 0'>
   <div class='ocr_carea' id='block_1_1' title="bbox 478 204 698 270">
    <p class='ocr_par' dir='ltr' id='par_1_1' title="bbox 478 204 698 270">
     <span class='ocr_line' id='line_1_1' title="bbox 478 204 698 270; baseline 0.009 -22"><span class='ocrx_word' id='word_1_1' title='bbox 478 204 698 270; x_wconf 73' lang='grc'>-83-</span> 
     </span>
    </p>
   </div>
   <div class='ocr_carea' id='block_1_2' title="bbox 21 365 1095 1335">
    <p class='ocr_par' dir='ltr' id='par_1_2' title="bbox 80 365 829 450">
     <span class='ocr_line' id='line_1_2' title="bbox 80 365 829 450; baseline 0.011 -26"><span class='ocrx_word' id='word_1_2' title='bbox 80 365 175 442; x_wconf 79' lang='lat' dir='ltr'><strong>farina</strong></span> <span class='ocrx_word' id='word_1_3' title='bbox 193 383 231 426; x_wconf 83' lang='lat' dir='ltr'><strong>ex</strong></span> <span class='ocrx_word' id='word_1_4' title='bbox 244 366 312 426; x_wconf 89' lang='lat' dir='ltr'><strong>vino</strong></span> <span class='ocrx_word' id='word_1_5' title='bbox 323 367 464 446; x_wconf 87' lang='lat' dir='ltr'><strong>imposita</strong></span> <span class='ocrx_word' id='word_1_6' title='bbox 478 366 695 428; x_wconf 83' lang='lat' dir='ltr'><strong>carbunculum</strong></span> <span class='ocrx_word' id='word_1_7' title='bbox 709 371 829 450; x_wconf 82' lang='lat' dir='ltr'><strong>rumpit.</strong></span> 
     </span>
    </p>

    <p class='ocr_par' dir='ltr' id='par_1_3' title="bbox 80 453 1095 630">
     <span class='ocr_line' id='line_1_3' title="bbox 80 453 1095 536; baseline 0.011 -23"><span class='ocrx_word' id='word_1_8' title='bbox 80 453 160 522; x_wconf 87' lang='lat' dir='ltr'><strong>idem</strong></span> <span class='ocrx_word' id='word_1_9' title='bbox 185 461 340 534; x_wconf 76' lang='lat' dir='ltr'><strong>praestant</strong></span> <span class='ocrx_word' id='word_1_10' title='bbox 366 462 398 515; x_wconf 90' lang='lat' dir='ltr'><strong>et</strong></span> <span class='ocrx_word' id='word_1_11' title='bbox 424 454 519 534; x_wconf 92' lang='lat' dir='ltr'><strong>lupini</strong></span> <span class='ocrx_word' id='word_1_12' title='bbox 548 458 620 518; x_wconf 89' lang='lat' dir='ltr'><strong>triti.</strong></span> <span class='ocrx_word' id='word_1_13' title='bbox 664 457 751 518; x_wconf 85' lang='lat' dir='ltr'><strong>limus</strong></span> <span class='ocrx_word' id='word_1_14' title='bbox 778 476 828 536; x_wconf 93' lang='lat' dir='ltr'><strong>pe·</strong></span> <span class='ocrx_word' id='word_1_15' title='bbox 856 469 961 534; x_wconf 67' lang='lat' dir='ltr'><strong>same.</strong></span> <span class='ocrx_word' id='word_1_16' title='bbox 990 472 1095 536; x_wconf 64' lang='lat' dir='ltr'><strong>aeaut.</strong></span> 
     </span>
     <span class='ocr_line' id='line_1_4' title="bbox 80 542 828 630; baseline 0.007 -26"><span class='ocrx_word' id='word_1_17' title='bbox 80 543 165 604; x_wconf 90' lang='lat' dir='ltr'><strong>cudis</strong></span> <span class='ocrx_word' id='word_1_18' title='bbox 196 542 410 624; x_wconf 81' lang='lat' dir='ltr'><strong>incipientibus</strong></span> <span class='ocrx_word' id='word_1_19' title='bbox 440 543 629 606; x_wconf 77' lang='lat' dir='ltr'><strong>carbunculis</strong></span> <span class='ocrx_word' id='word_1_20' title='bbox 657 548 828 630; x_wconf 78' lang='lat' dir='ltr'><strong>imponitur.</strong></span> 
     </span>
    </p>

    <p class='ocr_par' dir='ltr' id='par_1_4' title="bbox 21 633 1048 1335">
     <span class='ocr_line' id='line_1_5' title="bbox 79 633 960 710; baseline 0.007 -18"><span class='ocrx_word' id='word_1_21' title='bbox 79 633 154 693; x_wconf 86' lang='lat' dir='ltr'><strong>licus</strong></span> <span class='ocrx_word' id='word_1_22' title='bbox 177 635 274 693; x_wconf 79' lang='lat' dir='ltr'><strong>siccae</strong></span> <span class='ocrx_word' id='word_1_23' title='bbox 301 634 332 693; x_wconf 93' lang='lat' dir='ltr'><strong>in</strong></span> <span class='ocrx_word' id='word_1_24' title='bbox 355 634 423 692; x_wconf 90' lang='lat' dir='ltr'><strong>vino</strong></span> <span class='ocrx_word' id='word_1_25' title='bbox 446 633 585 694; x_wconf 88' lang='lat' dir='ltr'><strong>decoctae</strong></span> <span class='ocrx_word' id='word_1_26' title='bbox 614 642 665 696; x_wconf 88' lang='lat' dir='ltr'><strong>aut</strong></span> <span class='ocrx_word' id='word_1_27' title='bbox 687 637 774 697; x_wconf 90' lang='lat' dir='ltr'><strong>tritae</strong></span> <span class='ocrx_word' id='word_1_28' title='bbox 798 643 829 698; x_wconf 92' lang='lat' dir='ltr'><strong>et</strong></span> <span class='ocrx_word' id='word_1_29' title='bbox 856 647 960 710; x_wconf 66' lang='lat' dir='ltr'><strong>natta.</strong></span> 
     </span>
     <span class='ocr_line' id='line_1_6' title="bbox 56 721 1048 804; baseline 0.009 -27"><span class='ocrx_word' id='word_1_30' title='bbox 56 721 259 783; x_wconf 76' lang='lat' dir='ltr'><strong>aconlricatae</strong></span> <span class='ocrx_word' id='word_1_31' title='bbox 284 721 450 784; x_wconf 72' lang='lat' dir='ltr'><strong>extrahunt.</strong></span> <span class='ocrx_word' id='word_1_32' title='bbox 478 741 571 784; x_wconf 90' lang='lat' dir='ltr'><strong>nuces</strong></span> <span class='ocrx_word' id='word_1_33' title='bbox 593 723 747 802; x_wconf 82' lang='lat' dir='ltr'><strong>iuglandes</strong></span> <span class='ocrx_word' id='word_1_34' title='bbox 760 742 827 804; x_wconf 90' lang='lat' dir='ltr'><strong>per-</strong></span> <span class='ocrx_word' id='word_1_35' title='bbox 856 736 960 799; x_wconf 65' lang='lat' dir='ltr'><strong>napta</strong></span> <span class='ocrx_word' id='word_1_36' title='bbox 1044 796 1048 802; x_wconf 43' lang='grc'><strong>,</strong></span> 
     </span>
     <span class='ocr_line' id='line_1_7' title="bbox 79 808 942 893; baseline 0.006 -23"><span class='ocrx_word' id='word_1_37' title='bbox 79 818 196 872; x_wconf 84' lang='lat' dir='ltr'><strong>veteres</strong></span> <span class='ocrx_word' id='word_1_38' title='bbox 224 812 314 884; x_wconf 48' lang='lat' dir='ltr'><strong>tritae,</strong></span> <span class='ocrx_word' id='word_1_39' title='bbox 343 813 498 890; x_wconf 86' lang='lat' dir='ltr'><strong>impositae</strong></span> <span class='ocrx_word' id='word_1_40' title='bbox 527 808 737 893; x_wconf 77' lang='lat' dir='ltr'><strong>(medentur).</strong></span> <span class='ocrx_word' id='word_1_41' title='bbox 778 815 828 893; x_wconf 85' lang='lat' dir='ltr'><strong>pix</strong></span> <span class='ocrx_word' id='word_1_42' title='bbox 855 825 942 888; x_wconf 60' lang='lat' dir='ltr'><strong>naas.</strong></span> 
     </span>
     <span class='ocr_line' id='line_1_8' title="bbox 80 893 829 980; baseline 0.008 -22"><span class='ocrx_word' id='word_1_43' title='bbox 80 897 180 961; x_wconf 86' lang='lat' dir='ltr'><strong>brittia</strong></span> <span class='ocrx_word' id='word_1_44' title='bbox 199 917 270 960; x_wconf 91' lang='lat' dir='ltr'><strong>cum</strong></span> <span class='ocrx_word' id='word_1_45' title='bbox 286 917 344 960; x_wconf 89' lang='lat' dir='ltr'><strong>uva</strong></span> <span class='ocrx_word' id='word_1_46' title='bbox 356 917 442 979; x_wconf 84' lang='lat' dir='ltr'><strong>passa</strong></span> <span class='ocrx_word' id='word_1_47' title='bbox 461 900 588 980; x_wconf 87' lang='lat' dir='ltr'><strong>demptis</strong></span> <span class='ocrx_word' id='word_1_48' title='bbox 602 893 717 963; x_wconf 86' lang='lat' dir='ltr'><strong>nucleis</strong></span> <span class='ocrx_word' id='word_1_49' title='bbox 730 901 829 964; x_wconf 86' lang='lat' dir='ltr'><strong>addita</strong></span> 
     </span>
     <span class='ocr_line' id='line_1_9' title="bbox 21 989 960 1072; baseline 0.006 -24"><span class='ocrx_word' id='word_1_50' title='bbox 21 999 22 1004; x_wconf 75' lang='grc'>’</span> <span class='ocrx_word' id='word_1_51' title='bbox 81 991 205 1068; x_wconf 80' lang='lat' dir='ltr'><strong>axungia</strong></span> <span class='ocrx_word' id='word_1_52' title='bbox 231 995 347 1068; x_wconf 82' lang='lat' dir='ltr'><strong>purgat.</strong></span> <span class='ocrx_word' id='word_1_53' title='bbox 387 989 479 1050; x_wconf 87' lang='lat' dir='ltr'><strong>herba</strong></span> <span class='ocrx_word' id='word_1_54' title='bbox 508 989 608 1051; x_wconf 82' lang='lat' dir='ltr'><strong>sabine</strong></span> <span class='ocrx_word' id='word_1_55' title='bbox 637 1008 711 1069; x_wconf 90' lang='lat' dir='ltr'><strong>quae</strong></span> <span class='ocrx_word' id='word_1_56' title='bbox 739 990 828 1053; x_wconf 86' lang='lat' dir='ltr'><strong>habet</strong></span> <span class='ocrx_word' id='word_1_57' title='bbox 856 1003 960 1072; x_wconf 61' lang='lat'><strong>242102.</strong></span> 
     </span>
     <span class='ocr_line' id='line_1_10' title="bbox 81 1076 827 1157; baseline 0.007 -20"><span class='ocrx_word' id='word_1_58' title='bbox 81 1076 147 1138; x_wconf 89' lang='lat' dir='ltr'><strong>lolia</strong></span> <span class='ocrx_word' id='word_1_59' title='bbox 170 1077 278 1138; x_wconf 89' lang='lat' dir='ltr'><strong>similia</strong></span> <span class='ocrx_word' id='word_1_60' title='bbox 301 1092 443 1157; x_wconf 84' lang='lat' dir='ltr'><strong>cupresso</strong></span> <span class='ocrx_word' id='word_1_61' title='bbox 472 1095 541 1139; x_wconf 93' lang='lat' dir='ltr'><strong>cum</strong></span> <span class='ocrx_word' id='word_1_62' title='bbox 568 1079 655 1140; x_wconf 91' lang='lat' dir='ltr'><strong>melle</strong></span> <span class='ocrx_word' id='word_1_63' title='bbox 683 1079 827 1143; x_wconf 90' lang='lat' dir='ltr'><strong>inlinitur.</strong></span> 
     </span>
     <span class='ocr_line' id='line_1_11' title="bbox 49 1165 959 1244; baseline 0.004 -18"><span class='ocrx_word' id='word_1_64' title='bbox 49 1182 69 1219; x_wconf 82' lang='lat'><strong>10</strong></span> <span class='ocrx_word' id='word_1_65' title='bbox 81 1165 239 1228; x_wconf 90' lang='lat' dir='ltr'><strong>cerebrum</strong></span> <span class='ocrx_word' id='word_1_66' title='bbox 267 1168 329 1228; x_wconf 84' lang='lat' dir='ltr'><strong>suis</strong></span> <span class='ocrx_word' id='word_1_67' title='bbox 356 1167 482 1228; x_wconf 83' lang='lat' dir='ltr'><strong>laminae</strong></span> <span class='ocrx_word' id='word_1_68' title='bbox 511 1175 630 1228; x_wconf 89' lang='lat' dir='ltr'><strong>coctum</strong></span> <span class='ocrx_word' id='word_1_69' title='bbox 656 1177 687 1229; x_wconf 89' lang='lat' dir='ltr'><strong>et</strong></span> <span class='ocrx_word' id='word_1_70' title='bbox 716 1176 828 1230; x_wconf 90' lang='lat' dir='ltr'><strong>testum</strong></span> <span class='ocrx_word' id='word_1_71' title='bbox 855 1180 959 1244; x_wconf 66' lang='lat' dir='ltr'><strong>napea.</strong></span> 
     </span>
     <span class='ocr_line' id='line_1_12' title="bbox 81 1256 250 1335; baseline 0.024 -22"><span class='ocrx_word' id='word_1_72' title='bbox 81 1256 250 1335; x_wconf 81' lang='lat' dir='ltr'><strong>imponitur.</strong></span> 
     </span>
    </p>
   </div>
   <div class='ocr_carea' id='block_1_3' title="bbox 141 1435 563 1513">
    <p class='ocr_par' dir='ltr' id='par_1_5' title="bbox 141 1435 563 1513">
     <span class='ocr_line' id='line_1_13' title="bbox 141 1435 563 1513; baseline 0 -1"><span class='ocrx_word' id='word_1_73' title='bbox 141 1456 254 1512; x_wconf 82' lang='lat' dir='ltr'><strong>vnn.</strong></span> <span class='ocrx_word' id='word_1_74' title='bbox 279 1458 334 1513; x_wconf 75' lang='lat' dir='ltr'><strong>aa</strong></span> <span class='ocrx_word' id='word_1_75' title='bbox 356 1457 523 1513; x_wconf 72' lang='lat' dir='ltr'><strong>ambusta.</strong></span> <span class='ocrx_word' id='word_1_76' title='bbox 561 1435 563 1442; x_wconf 62' lang='lat'>‘</span> 
     </span>
    </p>
   </div>
   <div class='ocr_carea' id='block_1_4' title="bbox 46 1560 1079 2806">
    <p class='ocr_par' dir='ltr' id='par_1_6' title="bbox 46 1560 1079 2806">
     <span class='ocr_line' id='line_1_14' title="bbox 143 1560 1079 1648; baseline -0.002 -14"><span class='ocrx_word' id='word_1_77' title='bbox 143 1575 248 1636; x_wconf 86' lang='lat' dir='ltr'><strong>Fimus</strong></span> <span class='ocrx_word' id='word_1_78' title='bbox 276 1574 374 1635; x_wconf 81' lang='lat' dir='ltr'><strong>ovium</strong></span> <span class='ocrx_word' id='word_1_79' title='bbox 402 1592 470 1636; x_wconf 89' lang='lat' dir='ltr'><strong>oum</strong></span> <span class='ocrx_word' id='word_1_80' title='bbox 500 1591 569 1635; x_wconf 89' lang='lat' dir='ltr'><strong>cera</strong></span> <span class='ocrx_word' id='word_1_81' title='bbox 596 1574 741 1637; x_wconf 91' lang='lat' dir='ltr'><strong>ambustis</strong></span> <span class='ocrx_word' id='word_1_82' title='bbox 772 1577 826 1634; x_wconf 90' lang='lat' dir='ltr'><strong>im·</strong></span> <span class='ocrx_word' id='word_1_83' title='bbox 854 1582 950 1647; x_wconf 84' lang='lat'>30,109</span> <span class='ocrx_word' id='word_1_84' title='bbox 970 1580 1030 1648; x_wconf 77' lang='lat' dir='ltr'><strong>(nn.</strong></span> <span class='ocrx_word' id='word_1_85' title='bbox 1050 1560 1079 1647; x_wconf 61' lang='lat' dir='ltr'><strong>r)&#39;</strong></span> 
     </span>
     <span class='ocr_line' id='line_1_15' title="bbox 80 1664 998 1743; baseline -0.002 -19"><span class='ocrx_word' id='word_1_86' title='bbox 80 1665 208 1742; x_wconf 89' lang='lat' dir='ltr'><strong>ponitur.</strong></span> <span class='ocrx_word' id='word_1_87' title='bbox 255 1665 352 1724; x_wconf 89' lang='lat' dir='ltr'><strong>canini</strong></span> <span class='ocrx_word' id='word_1_88' title='bbox 384 1665 488 1743; x_wconf 91' lang='lat' dir='ltr'><strong>capitis</strong></span> <span class='ocrx_word' id='word_1_89' title='bbox 524 1665 608 1724; x_wconf 90' lang='lat' dir='ltr'><strong>cinis.</strong></span> <span class='ocrx_word' id='word_1_90' title='bbox 658 1664 826 1730; x_wconf 88' lang='lat' dir='ltr'><strong>coclearum</strong></span> <span class='ocrx_word' id='word_1_91' title='bbox 889 1667 924 1722; x_wconf 75' lang='lat' dir='ltr'><strong>ab.</strong></span> <span class='ocrx_word' id='word_1_92' title='bbox 962 1667 998 1722; x_wconf 80' lang='lat' dir='ltr'><strong>cb.</strong></span> 
     </span>
     <span class='ocr_line' id='line_1_16' title="bbox 81 1739 957 1832; baseline 0.001 -20"><span class='ocrx_word' id='word_1_93' title='bbox 81 1755 153 1813; x_wconf 84' lang='lat' dir='ltr'><strong>cinis</strong></span> <span class='ocrx_word' id='word_1_94' title='bbox 191 1769 228 1811; x_wconf 84' lang='lat' dir='ltr'><strong>ex</strong></span> <span class='ocrx_word' id='word_1_95' title='bbox 259 1752 324 1812; x_wconf 92' lang='lat' dir='ltr'><strong>oleo</strong></span> <span class='ocrx_word' id='word_1_96' title='bbox 361 1739 506 1813; x_wconf 54' lang='lat' dir='ltr'><strong>inlinitur:</strong></span> <span class='ocrx_word' id='word_1_97' title='bbox 557 1752 647 1832; x_wconf 85' lang='lat' dir='ltr'><strong>adeps</strong></span> <span class='ocrx_word' id='word_1_98' title='bbox 679 1755 825 1814; x_wconf 87' lang='lat' dir='ltr'><strong>verrinus.</strong></span> <span class='ocrx_word' id='word_1_99' title='bbox 853 1763 957 1826; x_wconf 69' lang='lat' dir='ltr'><strong>aetna.</strong></span> 
     </span>
     <span class='ocr_line' id='line_1_17' title="bbox 49 1839 1042 1921; baseline 0 -20"><span class='ocrx_word' id='word_1_100' title='bbox 49 1841 138 1901; x_wconf 76' lang='lat' dir='ltr'><strong>almi</strong></span> <span class='ocrx_word' id='word_1_101' title='bbox 161 1839 323 1901; x_wconf 90' lang='lat' dir='ltr'><strong>columbini</strong></span> <span class='ocrx_word' id='word_1_102' title='bbox 347 1843 422 1901; x_wconf 92' lang='lat' dir='ltr'><strong>cinis</strong></span> <span class='ocrx_word' id='word_1_103' title='bbox 445 1859 481 1901; x_wconf 83' lang='lat' dir='ltr'><strong>ex</strong></span> <span class='ocrx_word' id='word_1_104' title='bbox 504 1841 569 1900; x_wconf 83' lang='lat' dir='ltr'><strong>olco</strong></span> <span class='ocrx_word' id='word_1_105' title='bbox 596 1840 740 1902; x_wconf 89' lang='lat' dir='ltr'><strong>inlinitur.</strong></span> <span class='ocrx_word' id='word_1_106' title='bbox 777 1860 824 1921; x_wconf 82' lang='lat' dir='ltr'><strong>ga·</strong></span> <span class='ocrx_word' id='word_1_107' title='bbox 853 1842 889 1896; x_wconf 80' lang='lat' dir='ltr'><strong>ib.</strong></span> <span class='ocrx_word' id='word_1_108' title='bbox 919 1849 1006 1913; x_wconf 56' lang='lat' dir='ltr'><strong>batt.</strong></span> <span class='ocrx_word' id='word_1_109' title='bbox 1036 1879 1042 1884; x_wconf 85' lang='lat'><em>-</em></span> 
     </span>
     <span class='ocr_line' id='line_1_18' title="bbox 79 1928 959 2002; baseline 0 -12"><span class='ocrx_word' id='word_1_110' title='bbox 79 1948 146 1990; x_wconf 91' lang='lat' dir='ltr'><strong>rum</strong></span> <span class='ocrx_word' id='word_1_111' title='bbox 163 1928 332 1990; x_wconf 86' lang='lat' dir='ltr'><strong>infunditur</strong></span> <span class='ocrx_word' id='word_1_112' title='bbox 355 1943 410 1990; x_wconf 91' lang='lat' dir='ltr'><strong>nec</strong></span> <span class='ocrx_word' id='word_1_113' title='bbox 434 1931 611 1990; x_wconf 89' lang='lat' dir='ltr'><strong>nominatur.</strong></span> <span class='ocrx_word' id='word_1_114' title='bbox 649 1948 825 1991; x_wconf 90' lang='lat' dir='ltr'><strong>cancrorum</strong></span> <span class='ocrx_word' id='word_1_115' title='bbox 854 1940 959 2002; x_wconf 62' lang='lat' dir='ltr'><strong>eane.</strong></span> 
     </span>
     <span class='ocr_line' id='line_1_19' title="bbox 79 2016 824 2079; baseline 0 -1"><span class='ocrx_word' id='word_1_116' title='bbox 79 2019 261 2079; x_wconf 88' lang='lat' dir='ltr'><strong>marinorum</strong></span> <span class='ocrx_word' id='word_1_117' title='bbox 297 2016 342 2078; x_wconf 88' lang='lat' dir='ltr'><strong>vel</strong></span> <span class='ocrx_word' id='word_1_118' title='bbox 378 2017 539 2078; x_wconf 90' lang='lat' dir='ltr'><strong>lluvialium</strong></span> <span class='ocrx_word' id='word_1_119' title='bbox 574 2020 649 2079; x_wconf 91' lang='lat' dir='ltr'><strong>cinis</strong></span> <span class='ocrx_word' id='word_1_120' title='bbox 682 2037 718 2078; x_wconf 79' lang='lat' dir='ltr'><strong>ex</strong></span> <span class='ocrx_word' id='word_1_121' title='bbox 749 2017 824 2078; x_wconf 93' lang='lat' dir='ltr'><strong>oleo.</strong></span> 
     </span>
     <span class='ocr_line' id='line_1_20' title="bbox 79 2106 1073 2186; baseline -0.005 -19"><span class='ocrx_word' id='word_1_122' title='bbox 79 2106 183 2167; x_wconf 90' lang='lat' dir='ltr'><strong>hordei</strong></span> <span class='ocrx_word' id='word_1_123' title='bbox 205 2107 280 2166; x_wconf 89' lang='lat' dir='ltr'><strong>cinis</strong></span> <span class='ocrx_word' id='word_1_124' title='bbox 299 2109 457 2185; x_wconf 84' lang='lat' dir='ltr'><strong>spargitur.</strong></span> <span class='ocrx_word' id='word_1_125' title='bbox 494 2107 558 2166; x_wconf 89' lang='lat' dir='ltr'><strong>lens</strong></span> <span class='ocrx_word' id='word_1_126' title='bbox 583 2125 619 2167; x_wconf 86' lang='lat' dir='ltr'><strong>ex</strong></span> <span class='ocrx_word' id='word_1_127' title='bbox 638 2125 714 2186; x_wconf 87' lang='lat' dir='ltr'><strong>aqua</strong></span> <span class='ocrx_word' id='word_1_128' title='bbox 737 2108 824 2166; x_wconf 90' lang='lat' dir='ltr'><strong>semi·</strong></span> <span class='ocrx_word' id='word_1_129' title='bbox 852 2111 949 2176; x_wconf 81' lang='lat'>22,184</span> <span class='ocrx_word' id='word_1_130' title='bbox 968 2109 1029 2177; x_wconf 73' lang='lat' dir='ltr'><strong>(oen.</strong></span> <span class='ocrx_word' id='word_1_131' title='bbox 1047 2110 1073 2177; x_wconf 80' lang='lat' dir='ltr'><strong>r)</strong></span> 
     </span>
     <span class='ocr_line' id='line_1_21' title="bbox 79 2183 957 2274; baseline -0.001 -19"><span class='ocrx_word' id='word_1_132' title='bbox 79 2203 162 2255; x_wconf 91' lang='lat' dir='ltr'><strong>cocta</strong></span> <span class='ocrx_word' id='word_1_133' title='bbox 184 2195 359 2274; x_wconf 89' lang='lat' dir='ltr'><strong>imponitur:</strong></span> <span class='ocrx_word' id='word_1_134' title='bbox 382 2195 563 2274; x_wconf 89' lang='lat' dir='ltr'><strong>procedente</strong></span> <span class='ocrx_word' id='word_1_135' title='bbox 584 2197 737 2255; x_wconf 86' lang='lat' dir='ltr'><strong>curatione</strong></span> <span class='ocrx_word' id='word_1_136' title='bbox 760 2194 825 2254; x_wconf 88' lang='lat' dir='ltr'><strong>lens</strong></span> <span class='ocrx_word' id='word_1_137' title='bbox 851 2183 957 2246; x_wconf 78' lang='lat'><strong>22,145.</strong></span> 
     </span>
     <span class='ocr_line' id='line_1_22' title="bbox 46 2281 852 2362; baseline -0.001 -18"><span class='ocrx_word' id='word_1_138' title='bbox 46 2297 67 2336; x_wconf 76' lang='lat'><strong>20</strong></span> <span class='ocrx_word' id='word_1_139' title='bbox 80 2283 171 2344; x_wconf 91' lang='lat' dir='ltr'><strong>cruda</strong></span> <span class='ocrx_word' id='word_1_140' title='bbox 203 2285 312 2344; x_wconf 89' lang='lat' dir='ltr'><strong>teritur</strong></span> <span class='ocrx_word' id='word_1_141' title='bbox 339 2292 370 2344; x_wconf 90' lang='lat' dir='ltr'><strong>et</strong></span> <span class='ocrx_word' id='word_1_142' title='bbox 402 2281 552 2344; x_wconf 87' lang='lat' dir='ltr'><strong>cribratur</strong></span> <span class='ocrx_word' id='word_1_143' title='bbox 580 2285 735 2362; x_wconf 87' lang='lat' dir='ltr'><strong>eiectoque</strong></span> <span class='ocrx_word' id='word_1_144' title='bbox 762 2284 852 2344; x_wconf 62' lang='lat' dir='ltr'><strong>tur-¹</strong></span> 
     </span>
     <span class='ocr_line' id='line_1_23' title="bbox 79 2371 824 2454; baseline 0 -22"><span class='ocrx_word' id='word_1_145' title='bbox 79 2373 144 2434; x_wconf 89' lang='lat' dir='ltr'><strong>lure</strong></span> <span class='ocrx_word' id='word_1_146' title='bbox 171 2373 311 2450; x_wconf 86' lang='lat' dir='ltr'><strong>coquitur</strong></span> <span class='ocrx_word' id='word_1_147' title='bbox 334 2380 364 2432; x_wconf 90' lang='lat' dir='ltr'><strong>et</strong></span> <span class='ocrx_word' id='word_1_148' title='bbox 387 2374 430 2432; x_wconf 91' lang='lat' dir='ltr'><strong>sic</strong></span> <span class='ocrx_word' id='word_1_149' title='bbox 459 2371 637 2454; x_wconf 83' lang='lat' dir='ltr'><strong>imponitur,</strong></span> <span class='ocrx_word' id='word_1_150' title='bbox 665 2373 824 2434; x_wconf 87' lang='lat' dir='ltr'><strong>novissime</strong></span> 
     </span>
     <span class='ocr_line' id='line_1_24' title="bbox 80 2459 921 2534; baseline 0.002 -14"><span class='ocrx_word' id='word_1_151' title='bbox 80 2479 114 2520; x_wconf 90' lang='lat' dir='ltr'><strong>co</strong></span> <span class='ocrx_word' id='word_1_152' title='bbox 137 2459 195 2520; x_wconf 91' lang='lat' dir='ltr'><strong>mel</strong></span> <span class='ocrx_word' id='word_1_153' title='bbox 213 2459 339 2522; x_wconf 86' lang='lat' dir='ltr'><strong>additur.</strong></span> <span class='ocrx_word' id='word_1_154' title='bbox 375 2461 445 2522; x_wconf 86' lang='lat' dir='ltr'><strong>vitis</strong></span> <span class='ocrx_word' id='word_1_155' title='bbox 463 2468 566 2521; x_wconf 87' lang='lat' dir='ltr'><strong>cortex</strong></span> <span class='ocrx_word' id='word_1_156' title='bbox 585 2460 772 2522; x_wconf 88' lang='lat' dir='ltr'><strong>comburitur</strong></span> <span class='ocrx_word' id='word_1_157' title='bbox 795 2468 825 2522; x_wconf 94' lang='lat' dir='ltr'><strong>et</strong></span> <span class='ocrx_word' id='word_1_158' title='bbox 852 2469 921 2534; x_wconf 61' lang='lat' dir='ltr'><strong>aab.</strong></span> 
     </span>
     <span class='ocr_line' id='line_1_25' title="bbox 81 2549 823 2630; baseline 0 -20"><span class='ocrx_word' id='word_1_159' title='bbox 81 2551 152 2610; x_wconf 92' lang='lat' dir='ltr'><strong>cinis</strong></span> <span class='ocrx_word' id='word_1_160' title='bbox 176 2551 240 2610; x_wconf 89' lang='lat' dir='ltr'><strong>eius</strong></span> <span class='ocrx_word' id='word_1_161' title='bbox 259 2567 295 2608; x_wconf 86' lang='lat' dir='ltr'><strong>ex</strong></span> <span class='ocrx_word' id='word_1_162' title='bbox 314 2549 379 2610; x_wconf 90' lang='lat' dir='ltr'><strong>oleo</strong></span> <span class='ocrx_word' id='word_1_163' title='bbox 403 2549 550 2610; x_wconf 89' lang='lat' dir='ltr'><strong>inlinitur:</strong></span> <span class='ocrx_word' id='word_1_164' title='bbox 574 2557 605 2610; x_wconf 91' lang='lat' dir='ltr'><strong>et</strong></span> <span class='ocrx_word' id='word_1_165' title='bbox 622 2550 699 2630; x_wconf 91' lang='lat' dir='ltr'><strong>pilos</strong></span> <span class='ocrx_word' id='word_1_166' title='bbox 717 2549 823 2611; x_wconf 90' lang='lat' dir='ltr'><strong>reddit.</strong></span> 
     </span>
     <span class='ocr_line' id='line_1_26' title="bbox 80 2636 938 2718; baseline 0 -20"><span class='ocrx_word' id='word_1_167' title='bbox 80 2637 199 2718; x_wconf 86' lang='lat' dir='ltr'><strong>prodest</strong></span> <span class='ocrx_word' id='word_1_168' title='bbox 217 2636 361 2699; x_wconf 90' lang='lat' dir='ltr'><strong>ambustis</strong></span> <span class='ocrx_word' id='word_1_169' title='bbox 379 2637 463 2698; x_wconf 92' lang='lat' dir='ltr'><strong>inlita</strong></span> <span class='ocrx_word' id='word_1_170' title='bbox 480 2638 547 2698; x_wconf 81' lang='lat' dir='ltr'><strong>lacu</strong></span> <span class='ocrx_word' id='word_1_171' title='bbox 566 2641 627 2698; x_wconf 89' lang='lat' dir='ltr'><strong>vini</strong></span> <span class='ocrx_word' id='word_1_172' title='bbox 646 2639 707 2699; x_wconf 82' lang='lat' dir='ltr'><strong>sive</strong></span> <span class='ocrx_word' id='word_1_173' title='bbox 727 2655 823 2717; x_wconf 87' lang='lat' dir='ltr'><strong>sapae.</strong></span> <span class='ocrx_word' id='word_1_174' title='bbox 851 2647 938 2711; x_wconf 80' lang='lat'><strong>23,68.</strong></span> 
     </span>
     <span class='ocr_line' id='line_1_27' title="bbox 47 2726 938 2806; baseline -0.002 -20"><span class='ocrx_word' id='word_1_175' title='bbox 47 2739 68 2779; x_wconf 74' lang='lat' dir='ltr'><strong>ta</strong></span> <span class='ocrx_word' id='word_1_176' title='bbox 81 2726 221 2788; x_wconf 87' lang='lat' dir='ltr'><strong>olivarum</strong></span> <span class='ocrx_word' id='word_1_177' title='bbox 252 2743 357 2787; x_wconf 91' lang='lat' dir='ltr'><strong>carnes</strong></span> <span class='ocrx_word' id='word_1_178' title='bbox 387 2735 526 2788; x_wconf 90' lang='lat' dir='ltr'><strong>teruntur</strong></span> <span class='ocrx_word' id='word_1_179' title='bbox 559 2735 589 2786; x_wconf 90' lang='lat' dir='ltr'><strong>et</strong></span> <span class='ocrx_word' id='word_1_180' title='bbox 619 2728 823 2806; x_wconf 90' lang='lat' dir='ltr'><strong>imponuntur.</strong></span> <span class='ocrx_word' id='word_1_181' title='bbox 851 2735 938 2798; x_wconf 66' lang='lat' dir='ltr'><strong>aare.</strong></span> 
     </span>
    </p>
   </div>
   <div class='ocr_carea' id='block_1_5' title="bbox 80 2983 1151 3691">
    <p class='ocr_par' dir='ltr' id='par_1_7' title="bbox 80 2983 1151 3691">
     <span class='ocr_line' id='line_1_28' title="bbox 147 2983 1091 3056; baseline 0.005 -16"><span class='ocrx_word' id='word_1_182' title='bbox 147 2987 212 3042; x_wconf 73' lang='lat' dir='ltr'><strong>aaa</strong></span> <span class='ocrx_word' id='word_1_183' title='bbox 229 2985 398 3042; x_wconf 78' lang='lat' dir='ltr'><strong>confricatas</strong></span> <span class='ocrx_word' id='word_1_184' title='bbox 422 2987 473 3056; x_wconf 78' lang='lat' dir='ltr'><strong>pb:</strong></span> <span class='ocrx_word' id='word_1_185' title='bbox 501 3001 551 3042; x_wconf 79' lang='lat' dir='ltr'><strong>oen.</strong></span> <span class='ocrx_word' id='word_1_186' title='bbox 571 2985 681 3056; x_wconf 65' lang='lat' dir='ltr'><strong>affe).</strong></span> <span class='ocrx_word' id='word_1_187' title='bbox 706 2987 710 3054; x_wconf 80' lang='lat' dir='ltr'><strong>l</strong></span> <span class='ocrx_word' id='word_1_188' title='bbox 735 2999 820 3040; x_wconf 80' lang='lat' dir='ltr'><strong>nuces</strong></span> <span class='ocrx_word' id='word_1_189' title='bbox 842 2983 990 3054; x_wconf 78' lang='lat' dir='ltr'><strong>iuglandes</strong></span> <span class='ocrx_word' id='word_1_190' title='bbox 1008 2985 1091 3056; x_wconf 63' lang='lat' dir='ltr'><strong>(Plio</strong></span> 
     </span>
     <span class='ocr_line' id='line_1_29' title="bbox 81 3055 1090 3182; baseline 0.002 -72"><span class='ocrx_word' id='word_1_191' title='bbox 81 3056 168 3112; x_wconf 82' lang='lat' dir='ltr'><strong>nuclei</strong></span> <span class='ocrx_word' id='word_1_192' title='bbox 186 3055 305 3140; x_wconf 65' lang='lat' dir='ltr'><strong>glandes</strong></span> <span class='ocrx_word' id='word_1_193' title='bbox 322 3059 402 3126; x_wconf 66' lang='lat' dir='ltr'><strong>aba,</strong></span> <span class='ocrx_word' id='word_1_194' title='bbox 420 3056 513 3112; x_wconf 87' lang='lat' dir='ltr'><strong>nuclei</strong></span> <span class='ocrx_word' id='word_1_195' title='bbox 531 3057 654 3140; x_wconf 38' lang='lat' dir='ltr'><strong>grandes·</strong></span> <span class='ocrx_word' id='word_1_196' title='bbox 668 3073 702 3141; x_wconf 70' lang='lat' dir='ltr'><strong>p,</strong></span> <span class='ocrx_word' id='word_1_197' title='bbox 725 3071 810 3181; x_wconf 53' lang='grc' dir='ltr'>ιιιιὲἳε</span> <span class='ocrx_word' id='word_1_198' title='bbox 828 3055 886 3112; x_wconf 81' lang='lat' dir='ltr'><strong>eive</strong></span> <span class='ocrx_word' id='word_1_199' title='bbox 900 3056 1027 3182; x_wconf 50' lang='lat' dir='ltr'><strong>bglatpides</strong></span> <span class='ocrx_word' id='word_1_200' title='bbox 1043 3059 1090 3112; x_wconf 85' lang='lat' dir='ltr'><strong>rb.</strong></span> 
     </span>
     <span class='ocr_line' id='line_1_30' title="bbox 80 3127 1092 3270; baseline 0.003 -17"><span class='ocrx_word' id='word_1_201' title='bbox 80 3127 736 3270; x_wconf 48' lang='lat' dir='ltr'><strong>hafflisstfffln‘d(baiwgfmsafffssddgfcoe</strong></span> <span class='ocrx_word' id='word_1_202' title='bbox 752 3169 801 3267; x_wconf 59' lang='grc' dir='ltr'><strong>μ’</strong></span> <span class='ocrx_word' id='word_1_203' title='bbox 851 3133 961 3254; x_wconf 52' lang='lat' dir='ltr'><strong>doda</strong></span> <span class='ocrx_word' id='word_1_204' title='bbox 982 3129 1092 3256; x_wconf 66' lang='lat' dir='ltr'><strong>{didi</strong></span> 
     </span>
     <span class='ocr_line' id='line_1_31' title="bbox 81 3267 1089 3352; baseline -0.002 -27"><span class='ocrx_word' id='word_1_205' title='bbox 81 3269 230 3339; x_wconf 82' lang='lat' dir='ltr'><strong>(simillima</strong></span> <span class='ocrx_word' id='word_1_206' title='bbox 246 3271 294 3341; x_wconf 83' lang='lat' dir='ltr'><strong>rb)</strong></span> <span class='ocrx_word' id='word_1_207' title='bbox 318 3285 448 3342; x_wconf 76' lang='lat' dir='ltr'><strong>cupresso</strong></span> <span class='ocrx_word' id='word_1_208' title='bbox 464 3270 537 3340; x_wconf 71' lang='lat' dir='ltr'><strong>prb:</strong></span> <span class='ocrx_word' id='word_1_209' title='bbox 560 3269 629 3325; x_wconf 80' lang='lat' dir='ltr'><strong>folia</strong></span> <span class='ocrx_word' id='word_1_210' title='bbox 649 3267 772 3352; x_wconf 80' lang='lat' dir='ltr'><strong>cupressi</strong></span> <span class='ocrx_word' id='word_1_211' title='bbox 789 3270 816 3326; x_wconf 84' lang='lat' dir='ltr'><strong>d.</strong></span> <span class='ocrx_word' id='word_1_212' title='bbox 890 3276 924 3326; x_wconf 91' lang='lat'><strong>10</strong></span> <span class='ocrx_word' id='word_1_213' title='bbox 941 3270 1047 3330; x_wconf 81' lang='lat' dir='ltr'><strong>femina</strong></span> <span class='ocrx_word' id='word_1_214' title='bbox 1063 3285 1089 3340; x_wconf 71' lang='lat' dir='ltr'><strong>p.</strong></span> 
     </span>
     <span class='ocr_line' id='line_1_32' title="bbox 114 3340 1151 3421; baseline -0.004 -25"><span class='ocrx_word' id='word_1_215' title='bbox 114 3348 146 3398; x_wconf 80' lang='lat'><strong>14</strong></span> <span class='ocrx_word' id='word_1_216' title='bbox 161 3341 289 3402; x_wconf 64' lang='lat' dir='ltr'><strong>seranus</strong></span> <span class='ocrx_word' id='word_1_217' title='bbox 306 3343 378 3412; x_wconf 73' lang='lat' dir='ltr'><strong>qrb:</strong></span> <span class='ocrx_word' id='word_1_218' title='bbox 398 3341 541 3411; x_wconf 82' lang='lat' dir='ltr'><strong>viperinus</strong></span> <span class='ocrx_word' id='word_1_219' title='bbox 561 3340 782 3407; x_wconf 80' lang='lat' dir='ltr'><strong>Pl.,urs1nusd</strong></span> <span class='ocrx_word' id='word_1_220' title='bbox 805 3341 851 3408; x_wconf 85' lang='lat' dir='ltr'><strong>(cf.</strong></span> <span class='ocrx_word' id='word_1_221' title='bbox 873 3341 918 3396; x_wconf 90' lang='lat' dir='ltr'><strong>Pl.</strong></span> <span class='ocrx_word' id='word_1_222' title='bbox 937 3342 1054 3421; x_wconf 72' lang='lat' dir='ltr'><strong>28,2t}t).</strong></span> <span class='ocrx_word' id='word_1_223' title='bbox 1141 3391 1151 3404; x_wconf 78' lang='grc'><strong>,,</strong></span> 
     </span>
     <span class='ocr_line' id='line_1_33' title="bbox 82 3410 1091 3482; baseline -0.002 -17"><span class='ocrx_word' id='word_1_224' title='bbox 82 3419 112 3467; x_wconf 79' lang='lat'><strong>15</strong></span> <span class='ocrx_word' id='word_1_225' title='bbox 124 3412 251 3468; x_wconf 71' lang='lat' dir='ltr'><strong>inlinitur</strong></span> <span class='ocrx_word' id='word_1_226' title='bbox 263 3414 323 3482; x_wconf 80' lang='lat' dir='ltr'><strong>(etc)</strong></span> <span class='ocrx_word' id='word_1_227' title='bbox 336 3429 361 3482; x_wconf 76' lang='lat'><strong>9.</strong></span> <span class='ocrx_word' id='word_1_228' title='bbox 401 3418 434 3468; x_wconf 87' lang='lat'><strong>18</strong></span> <span class='ocrx_word' id='word_1_229' title='bbox 449 3410 603 3468; x_wconf 80' lang='lat' dir='ltr'><strong>semicocta</strong></span> <span class='ocrx_word' id='word_1_230' title='bbox 615 3412 675 3467; x_wconf 84' lang='lat' dir='ltr'><strong>ctrb</strong></span> <span class='ocrx_word' id='word_1_231' title='bbox 685 3412 766 3482; x_wconf 86' lang='lat' dir='ltr'><strong>(Pl.):</strong></span> <span class='ocrx_word' id='word_1_232' title='bbox 782 3414 864 3468; x_wconf 86' lang='lat' dir='ltr'><strong>cocta</strong></span> <span class='ocrx_word' id='word_1_233' title='bbox 876 3426 901 3481; x_wconf 77' lang='lat' dir='ltr'><strong>p.</strong></span> <span class='ocrx_word' id='word_1_234' title='bbox 938 3416 974 3465; x_wconf 69' lang='lat'><strong>20</strong></span> <span class='ocrx_word' id='word_1_235' title='bbox 988 3411 1091 3464; x_wconf 77' lang='lat' dir='ltr'><strong>emeta-</strong></span> 
     </span>
     <span class='ocr_line' id='line_1_34' title="bbox 81 3483 1090 3555; baseline 0 -17"><span class='ocrx_word' id='word_1_236' title='bbox 81 3499 173 3553; x_wconf 71' lang='lat' dir='ltr'><strong>quae.</strong></span> <span class='ocrx_word' id='word_1_237' title='bbox 239 3489 278 3538; x_wconf 68' lang='lat'><strong>,22</strong></span> <span class='ocrx_word' id='word_1_238' title='bbox 298 3499 378 3555; x_wconf 73' lang='lat' dir='ltr'><strong>acy:</strong></span> <span class='ocrx_word' id='word_1_239' title='bbox 399 3483 463 3540; x_wconf 82' lang='lat' dir='ltr'><strong>eid</strong></span> <span class='ocrx_word' id='word_1_240' title='bbox 481 3483 615 3552; x_wconf 71' lang='lat' dir='ltr'><strong>(med).</strong></span> <span class='ocrx_word' id='word_1_241' title='bbox 688 3487 722 3538; x_wconf 73' lang='lat'><strong>23</strong></span> <span class='ocrx_word' id='word_1_242' title='bbox 742 3483 870 3538; x_wconf 84' lang='lat' dir='ltr'><strong>exclan:</strong></span> <span class='ocrx_word' id='word_1_243' title='bbox 892 3483 1090 3550; x_wconf 67' lang='lat' dir='ltr'><strong>empore</strong></span> 
     </span>
     <span class='ocr_line' id='line_1_35' title="bbox 83 3549 1089 3691; baseline 0.001 -84"><span class='ocrx_word' id='word_1_244' title='bbox 83 3555 124 3610; x_wconf 90' lang='lat' dir='ltr'><strong>Pl.</strong></span> <span class='ocrx_word' id='word_1_245' title='bbox 142 3554 199 3622; x_wconf 80' lang='lat' dir='ltr'><strong>(abi</strong></span> <span class='ocrx_word' id='word_1_246' title='bbox 218 3571 281 3609; x_wconf 91' lang='lat' dir='ltr'><strong>cnm</strong></span> <span class='ocrx_word' id='word_1_247' title='bbox 299 3555 363 3610; x_wconf 87' lang='lat' dir='ltr'><strong>oleo</strong></span> <span class='ocrx_word' id='word_1_248' title='bbox 376 3555 498 3624; x_wconf 74' lang='lat' dir='ltr'><strong>pertircet</strong></span> <span class='ocrx_word' id='word_1_249' title='bbox 517 3554 554 3610; x_wconf 82' lang='lat' dir='ltr'><strong>od</strong></span> <span class='ocrx_word' id='word_1_250' title='bbox 569 3555 713 3624; x_wconf 74' lang='lat' dir='ltr'><strong>praeced).</strong></span> <span class='ocrx_word' id='word_1_251' title='bbox 800 3559 835 3608; x_wconf 78' lang='lat'><strong>24</strong></span> <span class='ocrx_word' id='word_1_252' title='bbox 850 3552 871 3607; x_wconf 82' lang='lat' dir='ltr'><strong>l.</strong></span> <span class='ocrx_word' id='word_1_253' title='bbox 891 3549 951 3691; x_wconf 45' lang='lat' dir='ltr'><strong>pipi</strong></span> <span class='ocrx_word' id='word_1_254' title='bbox 969 3564 1019 3604; x_wconf 77' lang='lat' dir='ltr'><strong>ons.</strong></span> <span class='ocrx_word' id='word_1_255' title='bbox 1040 3549 1089 3608; x_wconf 77' lang='lat' dir='ltr'><strong>Pi.</strong></span> 
     </span>
    </p>
   </div>
   <div class='ocr_carea' id='block_1_6' title="bbox 0 0 1333 3878">
    <p class='ocr_par' dir='ltr' id='par_1_8' title="bbox 0 0 1333 3878">
     <span class='ocr_line' id='line_1_36' title="bbox 0 0 1333 3878; baseline 0 0"><span class='ocrx_word' id='word_1_256' title='bbox 0 0 1333 3878; x_wconf 95' lang='lat' dir='ltr'><strong> </strong></span> 
     </span>
    </p>
   </div>
  </div>
 </body>
</html>
