2636 3874
167 815 359 894 Frequenter
391 815 464 876 mihi
501 818 531 876 in
562 816 853 896 peregrinationibus

104 904 210 965 accidit
237 912 274 965 ut
301 912 353 964 aut
378 912 502 984 propter
529 922 626 966 meam
652 913 703 966 aut
728 915 852 986 propter

104 1011 239 1058 meorum
268 993 469 1053 infirmitatem
497 995 591 1054 varias
618 994 738 1054 fraudes
761 996 851 1056 medi·

105 1099 207 1142 corum
244 1083 464 1162 experiscerer,
501 1081 678 1160 quibusdam
712 1082 853 1144 vilissima

80 1178 92 1216 ⁵
105 1170 234 1232 remedia
248 1169 422 1249 ingentibus
440 1172 546 1249 pretiis
560 1169 770 1252 vendenthus,
789 1171 852 1232 aliis

105 1277 137 1318 ea
156 1277 232 1337 quae
253 1276 360 1319 curare
379 1257 553 1320 nesciebant
576 1259 745 1339 cupiditatis
764 1278 853 1322 causa

105 1346 346 1428 suscipientibus.
384 1347 527 1425 quosdam
550 1366 620 1408 vero
642 1350 774 1428 comperi
795 1348 852 1409 hoc

105 1454 211 1513 genere
230 1437 362 1515 grassari
376 1442 411 1496 ut
424 1434 582 1515 languores
597 1437 649 1514 qui
665 1438 852 1516 paucissimis

105 1522 208 1584 diebus
232 1522 281 1584 vel
309 1524 397 1584 etiam
424 1522 507 1585 horis
529 1531 653 1603 possent
674 1523 792 1606 repelli,
820 1527 852 1585 in

70 1620 93 1658 1⁰
105 1611 224 1691 longum
253 1620 372 1691 tempus
399 1611 602 1694 extraherent,
629 1621 663 1674 ut
691 1620 721 1673 et
748 1631 852 1692 aegros

106 1719 174 1762 suos
202 1701 255 1762 diu
283 1703 314 1762 iu
342 1700 440 1761 reditu
468 1699 613 1762 haberent
645 1702 851 1781 saevioresque

105 1791 175 1867 ipsis
198 1788 314 1850 morbis
337 1791 507 1852 existerent.
546 1797 727 1869 quapropter
750 1808 851 1852 neccs-

106 1877 320 1940 sarium¹mihi
343 1879 437 1938 visum
461 1886 507 1938 est
535 1885 568 1938 ut
595 1877 725 1956 undique
749 1877 851 1940 valitu-

107 1965 181 2026 dinis
200 1965 310 2028 auxilia
328 1965 536 2026 contraherem
554 1974 585 2027 et
604 1965 684 2026 velut
705 1965 852 2026 breviario

73 2063 94 2101 1⁵
107 2053 291 2135 colligerem,
314 2062 348 2114 ut
366 2071 554 2132 quocumque
574 2054 721 2112 venissem
733 2070 853 2131 possem

108 2143 252 2203 eiusmodi
281 2141 404 2202 insidias
430 2143 523 2201 vitare
551 2149 582 2202 et
604 2140 659 2200 hac
686 2140 793 2201 fiducia
816 2160 853 2200 ex

107 2229 162 2292 hoc
180 2239 317 2310 tempore
336 2231 394 2289 iter
417 2229 534 2308 ingredi
552 2236 586 2289 ut
608 2230 713 2309 sciam,
736 2230 762 2288 si
785 2230 853 2307 quis

108 2317 177 2380 nrihi
205 2319 331 2397 languor
358 2316 510 2398 inciderit,
540 2335 598 2378 non
627 2317 759 2377 facturos
786 2316 852 2378 illos

109 2424 142 2466 ex
169 2425 217 2468 me
245 2406 376 2468 reditum
400 2424 455 2466 nco
482 2412 634 2466 taxaturos
658 2407 852 2466 occasionem.

74 2501 97 2542 ²⁰
172 2496 250 2556 Ante
282 2495 380 2555 omnia
412 2500 510 2554 autem
545 2500 618 2573 puto
650 2495 681 2554 in
713 2501 851 2573 promptu

108 2581 241 2644 habenda
264 2601 339 2662 quae
363 2580 461 2642 subito
489 2581 654 2642 desiderata
681 2581 854 2642 difficillima

110 2669 245 2734 videntur
268 2673 403 2751 inventu,
426 2672 503 2732 sicut
526 2669 624 2731 oleum
643 2678 737 2733 vetus.
774 2669 853 2749 quod
883 2670 960 2726 Plio.
971 2676 1059 2740 23,82.

178 2865 204 2914 3.
223 2877 249 2914 v.
268 2859 441 2914 medicorum
458 2857 572 2913 baurim
589 2859 615 2913 d.
697 2856 920 2928 torperiscerer
936 2858 1012 2928 pdb:
1041 2859 1122 2914 niret

111 2931 253 3000 afflare.)
326 2934 341 2983 6
361 2928 425 2985 aliis
444 2945 477 2984 ea
490 2944 563 2999 quae
578 2945 600 2986 c.
615 2929 779 2984 nesciebant
795 2929 976 2999 omniomi:
995 2928 1059 2984 aliis
1074 2947 1121 2986 eas
1141 2939 1144 2950 ¹

112 3015 134 3052 c.
153 3000 232 3068 (alias
251 3017 275 3057 c.
294 3001 321 3070 b)
338 2999 525 3055 nescientibus
539 3000 583 3054 rb.
648 3001 711 3054 8ut
723 3015 774 3054 om.
788 3000 833 3054 rb.
902 3006 918 3054 9
936 3002 970 3055 ut
986 2999 1017 3054 in
1030 3001 1075 3057 rb.

114 3074 146 3124 10
158 3071 355 3141 protraherent
367 3071 405 3125 rb
419 3070 574 3139 (traherent
592 3071 696 3140 Marc.)
712 3070 717 3142 Ι
733 3072 766 3125 ut
784 3072 814 3126 et
832 3071 960 3141 (March
982 3073 1010 3127 et
1027 3072 1120 3142 pdrb.

115 3145 145 3194 13
162 3144 195 3196 ut
211 3157 262 3198 om.
281 3142 317 3197 rb
328 3142 452 3212 (More).
525 3147 559 3195 14
578 3142 771 3197 contraherem
788 3142 833 3212 gd
849 3144 904 3206 (uo
919 3142 1037 3212 Marelz
1055 3159 1121 3198 con·

115 3212 217 3268 struere
230 3213 276 3267 rb.
301 3213 306 3284 1
331 3212 500 3268 breviarium
517 3212 555 3267 rb
574 3211 614 3280 (in
632 3210 803 3268 breviarium
822 3213 935 3282 Marc).
991 3219 1023 3268 15
1043 3212 1120 3269 oolli-

116 3297 176 3350 gere
193 3284 365 3352 rb(Marc.).
390 3285 395 3350 l
419 3283 462 3338 uti
479 3283 524 3337 rb.
598 3289 630 3337 16
648 3282 811 3339 huiuamodi
828 3284 873 3339 rb.
898 3287 904 3350 Ι
929 3301 952 3339 e.
971 3285 1060 3338 vitare
1078 3283 1120 3336 in-

116 3350 195 3408 sidias
212 3355 240 3409 d.
296 3360 328 3409 17
347 3351 592 3423 iterrb(Marc.)=
611 3355 724 3425 empti.
780 3359 813 3408 18
832 3373 860 3423 q.
877 3354 998 3422 languor
1010 3351 1080 3404 mihi
1093 3352 1120 3406 d.

116 3426 147 3475 19
172 3439 204 3478 ex
221 3442 266 3480 me
284 3424 407 3481 reditum
425 3425 466 3495 gd
480 3424 608 3492 (March
632 3424 670 3478 ad
687 3440 732 3479 me
750 3423 859 3479 aditum
877 3425 921 3476 rb.
947 3423 952 3487 l
975 3422 1121 3474 taxaturos

117 3493 289 3565 gdlMorch
308 3497 441 3564 capturos
459 3495 503 3549 rb.
577 3498 610 3546 22
630 3492 746 3548 inventu
765 3493 892 3560 (Merop
911 3504 961 3542 orn.
979 3489 1070 3558 ydrb.
