2636 3874
577 167 797 230 *34-

445 328 600 390 eelerrime
623 345 684 407 per
697 335 801 387 totum
825 346 935 407 corpus
959 329 1066 410 serpit,
1094 348 1195 392 macu-

444 413 507 478 losa
529 418 618 479 variis
642 415 792 476 coloribus
812 424 842 476 et
863 417 1014 496 inaequali
1032 425 1100 479 cute
1125 419 1197 480 alibi

444 522 544 566 crassa
576 503 645 564 alibi
675 505 772 585 tenui,
810 500 918 584 <aliis>
951 504 1027 566 dura
1057 506 1131 567 loeis
1163 515 1198 568 et

444 595 529 673 quasi
557 591 613 654 sub
641 591 739 652 scabie
768 610 885 674 aspera,
915 601 1067 673 postremo
1095 597 1196 674 nigre-

445 689 547 742 scente
585 677 638 761 <et
666 680 702 741 ad
734 698 801 741 ossa
834 699 939 741 carnes
976 679 1225 765 apprimente>‚⁵

444 768 680 832 tumescentibus
708 768 807 849 digitis
836 771 867 830 in
890 769 1026 830 manibus
1053 769 1197 850 pedibus·

347 862 416 931 aas.
445 877 512 937 que.
535 857 588 918 'hie
607 856 729 918 morbus
747 858 907 937 peculiaris
922 865 967 918 est
981 858 1196 938 Aegyptiorum

398 963 400 968 ’
425 945 570 1024 populis.
608 951 688 1005 tetus
710 946 853 1007 exitiosus
877 953 936 1029 est,
959 965 1028 1008 eum
1051 950 1082 1007 in
1106 967 1195 1027 reges

443 1032 561 1114 incidit,
585 1036 725 1111 queniam
737 1033 784 1094 his
799 1035 872 1095 solia
890 1037 921 1095 in
935 1035 1048 1095 balneis
1062 1035 1194 1096 humanu

444 1123 586 1200 sanguine
606 1128 819 1201 temperantur.
847 1125 873 1183 is
888 1125 940 1202 qui
957 1123 1015 1182 boe
1032 1123 1109 1184 malo
1129 1125 1235 1184 ald-1⁰

310 1221 414 1284 30,118.
443 1211 565 1270 ciuntur
587 1211 662 1269 einis
686 1209 828 1271 mustelae
857 1219 889 1271 et
915 1211 1049 1273 eiusdem
1072 1213 1194 1291 sanguis

309 1309 414 1371 20,109.
442 1299 553 1358 mixtus
575 1296 719 1358 inlinitur.
756 1297 839 1358 radix
858 1299 992 1378 asparagi
1015 1299 1139 1360 decocta
1161 1303 1194 1360 in

309 1395 414 1461 matt.
442 1393 526 1446 aceto
549 1387 620 1446 trita
641 1387 808 1466 apponitur.
845 1389 1001 1448 mentastri
1024 1386 1094 1448 felia
1112 1407 1192 1450 com-

327 1486 411 1548 atus.
441 1473 616 1535 manducata
639 1473 825 1536 adhibentur.
867 1474 957 1536 eedre
975 1475 1153 1538 inlinuntur.

517 1619 786 1678 uulneribus
800 1621 836 1676 in
854 1621 942 1677 faeie
960 1622 1190 1678 manantibus.

308 1730 412 1793 aeaut.
507 1718 664 1781 Ulceribus
678 1721 710 1782 in
728 1723 803 1782 laeie
817 1721 1004 1782 manantibus
1024 1721 1108 1782 bulbi
1126 1724 1191 1783 triti
1207 1735 1234 1775 1⁵

308 1818 412 1881 31,120.
441 1825 478 1868 ex
501 1815 584 1868 aceto
603 1815 633 1868 et
656 1809 799 1888 sulphure
818 1809 984 1871 medentur.
1009 1812 1135 1872 -nitnrm
1155 1828 1192 1870 ex

324 1906 412 1969 3030.
439 1895 526 1956 mede
559 1903 589 1956 et
619 1896 695 1957 laete
732 1896 844 1957 bubulo
880 1900 1038 1959 succurrit.
1083 1899 1191 1960 taciem

440 1991 549 2063 purgat
571 1991 660 2062 atque
684 1993 789 2063 erugat
811 1985 902 2065 adeps
925 1988 1020 2065 cygni.

383 2112 474 2168 XXI.
490 2112 688 2170 cervicibus
703 2115 737 2170 at
751 2113 780 2170 is
793 2128 883 2185 quse
896 2115 1083 2172 mollienda
1096 2119 1189 2172 sunt.

306 2224 410 2286 sopor.
506 2212 607 2292 Adipis
617 2216 749 2274 anserini
757 2217 914 2294 perunctio
924 2215 1061 2278 remollit.
1084 2217 1190 2278 eedem

306 2309 410 2373 tunso.
439 2299 526 2360 medo
541 2300 632 2380 adeps
651 2304 742 2380 gruis.
779 2303 873 2364 farina
893 2303 947 2364 lini
965 2307 1087 2366 seminis
1106 2308 1187 2366 nitro
1203 2318 1233 2358 ²⁰
1283 2359 1286 2368 .

243 2439 257 2487 1
287 2433 432 2489 mseulesa
460 2434 541 2505 (Pl.):
569 2435 686 2490 maculis
704 2437 795 2505 pdrb.
873 2439 993 2494 trariis
1020 2439 1114 2496 colore
1136 2457 1160 2497 r.
1184 2440 1188 2513 l

173 2503 300 2575 inequali
317 2505 381 2570 cute
399 2522 416 2560 r
434 2505 517 2575 (Pl.)=
540 2505 726 2574 inequalitste
743 2509 792 2576 φά.
838 2514 855 2566 3
870 2508 934 2564 aliis
952 2511 1002 2579 (sie
1015 2513 1054 2580 r):
1073 2527 1124 2568 oen.
1137 2513 1188 2582 gd.

208 2579 227 2630 4
245 2575 436 2647 nigresseente
455 2576 481 2631 d.
555 2581 571 2629 5
591 2577 663 2631 et—
674 2578 849 2648 apprimente
867 2597 883 2634 r
901 2580 982 2650 (Pl.)=
1001 2597 1051 2636 om.
1070 2583 1119 2652 gd.

160 2653 186 2702 ·6
205 2645 379 2703 tumentibus
395 2647 447 2717 gd.
473 2647 478 2716 1
506 2648 527 2702 t.
547 2645 577 2700 in
599 2647 728 2703 munibus
756 2648 862 2720 digitis.
890 2650 1065 2721 pedibusque
1088 2652 1115 2707 d.

169 2717 453 2860 phpffinpg
466 2716 1187 2864 susurratur..restaurarit

167 2858 303 2914 rabuntur
327 2860 372 2912 Pl.
401 2861 505 2929 (Mare.
522 2875 551 2928 p.
572 2862 643 2927 130).
670 2862 674 2928 Ι
698 2859 767 2914 is=
781 2861 832 2915 His
850 2862 921 2930 pdb.
954 2863 1008 2918 hoe
1026 2861 1189 2919 afficiuntur

167 2928 242 2983 malo
261 2928 287 2983 d.
361 2934 395 2982 14
414 2931 497 2985 cedro
517 2931 546 2997 (i.
566 2945 586 2984 e.
607 2929 683 2985 cedri
701 2948 767 2986 suco
787 2931 844 3000 Pl.)
862 2933 917 3002 gd:
942 2931 1031 2989 astris
1048 2951 1070 2990 r.
1085 2933 1187 3006 lillini-

167 3001 254 3053 untur
278 2999 327 3054 db.
400 3001 442 3055 tit.
466 2999 613 3056 Ulceribus
631 2999 650 3055 i.
669 3001 687 3055 f.
708 3019 744 3056 m.
773 3003 853 3072 (quae
871 3003 962 3058 eudem
985 3005 1068 3060 verba
1088 3007 1189 3074 repetit

166 3071 199 3124 in
216 3073 307 3124 terem
330 3069 414 3124 initio
431 3086 462 3139 9,
485 3086 543 3125 non
560 3072 602 3139 d),
634 3071 679 3126 Ad
697 3071 792 3128 ulcera
814 3071 845 3128 in
868 3073 887 3130 f.
907 3075 1052 3131 manantis
1074 3077 1093 3130 ct
1116 3075 1188 3145 (εἰπε

166 3140 248 3195 titulo
261 3140 401 3210 sequemini
410 3142 594 3196 aduramur
607 3143 639 3196 tn
652 3143 708 3212 rb).
747 3147 780 3198 16
791 3161 812 3198 s.
822 3143 984 3200 vulneribus
999 3146 1029 3200 in
1044 3145 1116 3202 faeie
1126 3163 1186 3203 me-

166 3210 268 3266 dentur
285 3228 301 3264 r
321 3210 398 3281 (Pu).
472 3216 505 3265 17
525 3211 624 3266 bubuli
645 3229 671 3281 p.
745 3218 778 3269 18
795 3215 888 3284 utque
907 3218 1005 3285 erugat
1022 3232 1052 3285 9,
1077 3218 1106 3271 et
1124 3234 1187 3272 eru-

185 3283 216 3337 at
231 3299 249 3348 ι’
267 3282 349 3350 (Pl.):
368 3297 417 3336 om.
437 3283 463 3338 d.
538 3283 580 3337 tit.
600 3282 760 3339 (terricibus
779 3285 808 3339 et
829 3284 874 3340 his
898 3303 954 3355 qua
981 3287 1041 3356 (sie)
1059 3304 1096 3344 m.
1115 3305 1137 3346 s.
1155 3305 1184 3358 g,

165 3299 210 3407 ld
228 3352 349 3409 cerneus
367 3355 398 3409 et
411 3369 445 3409 ea
459 3369 532 3423 quse
551 3371 587 3408 m.
602 3371 623 3407 s.
634 3355 661 3408 d.
676 3356 722 3423 (es
732 3373 757 3425 q.
772 3354 926 3410 mollienda
945 3358 1010 3411 sunt
1027 3358 1047 3412 s'.
1066 3375 1088 3412 e.
1107 3357 1185 3412 duri-

166 3421 221 3478 tias
242 3424 308 3494 Pr).
335 3425 370 3492 es.
386 3423 432 3481 Pl.
452 3429 564 3492 30,107:
583 3424 706 3479 tubera
724 3427 755 3480 et
773 3442 954 3496 quaecunque
974 3427 1095 3483 emolliri
1113 3444 1186 3500 opus

166 3494 212 3547 est
229 3493 421 3551 efficacissime
439 3494 569 3551 anserino
590 3494 672 3564 adipe
689 3500 737 3551 ete.
