2654 3878
597 139 901 250 *oo-⁵

351 360 438 422 alat.
465 351 529 428 peti
556 348 737 409 exinaniunt.
778 354 825 408 est
852 345 963 408 hedera
990 365 1065 426 quae
1094 347 1217 427 chryso-

314 442 320 448 '
466 455 572 518 carpos
586 436 764 517 appellatur,
784 443 943 516 propterea
958 435 1038 515 quod
1052 435 1111 497 lert
1125 453 1221 514 granu

466 528 551 588 aurei
573 525 695 587 coloris:
722 525 796 586 baec
826 543 916 604 grana
939 539 989 586 xx
1011 527 1043 586 in
1065 526 1128 586 vini
1151 543 1219 586 sex-

466 617 542 676 tario
561 622 759 676 conteruntur
777 623 808 674 et
826 631 861 674 ex
880 633 917 674 eo
931 616 1000 675 vino
1017 615 1098 674 terni
1118 613 1221 694 cyathi

342 713 439 777 euris
467 703 612 766 bibuntur
626 706 678 784 qui
690 721 746 784 per
760 705 876 772 urinam
890 705 1071 764 exinaniunt.
1095 702 1219 764 testudo
1232 715 1245 756 ⁵

343 786 439 854 (w)
468 793 576 854 decisis
598 792 725 873 pedibus
749 799 779 853 et
802 794 897 872 capite
916 800 947 853 et
969 790 1076 873 cauda,
1098 793 1218 852 intesti-

335 927 338 932 .
467 884 514 942 nis
542 881 679 963 abiectis,
707 884 738 942 in
765 881 832 942 cibo
862 880 950 942 datur
975 883 1018 942 ita
1040 881 1160 942 condita
1183 888 1219 942 ut

334 978 440 1041 aenea.
468 972 543 1030 citra
574 969 724 1031 fastidium
755 971 832 1031 sumi
863 971 966 1050 possit.
1011 969 1099 1032 fimus
1131 969 1220 1032 rituli

343 1066 440 1130 utura
468 1059 592 1119 masculi
620 1061 718 1120 uentri
745 1058 889 1120 inlinitur.
926 1061 1027 1120 vincae
1056 1061 1219 1138 pervincas

317 1138 379 1207 (⁰m·
393 1138 441 1207 ib)
468 1147 581 1208 aridae*
594 1155 678 1209 tusae
711 1147 806 1208 lerina
837 1146 980 1208 coclearis
1007 1165 1149 1208 mensura
1181 1166 1220 1207 ex
1234 1159 1263 1199 1⁰

249 1237 266 1270 *
290 1237 441 1375 (σῑὸᾶῡξῖ).
468 1253 543 1384 pqua
561 1235 629 1297 data
647 1233 806 1386 pelerrimp
822 1234 1104 1385 retdditlsunit‘apem(i
1125 1235 1218 1298 belle-

371 1347 378 1361 ·
489 1341 575 1386 orum
593 1342 792 1385 conusumu
825 1342 851 1385 si
902 1341 992 1386 uust
1034 1342 1218 1385 emecom-

467 1411 659 1474 miscebimus
672 1413 746 1475 illud
764 1343 914 1474 radicibgs
928 1419 958 1475 et
977 1429 1067 1492 super
1081 1420 1219 1476 ventrem

467 1504 499 1562 in
522 1501 643 1563 linteolo
665 1503 860 1582 imponimus,
887 1504 929 1562 ita
950 1509 985 1562 ut
1007 1500 1140 1580 pulveris
1161 1519 1217 1581 pu-

468 1589 566 1652 sillum
576 1587 665 1671 supra
681 1608 809 1671 spargas.
827 1589 1014 1669 adalligatum
1023 1588 1134 1650 babeas
1146 1589 1219 1652 licet
1234 1601 1259 1641 1⁵

467 1677 591 1740 biduum
609 1679 655 1739 rel
678 1681 810 1741 triduum
833 1697 927 1740 unum
950 1677 1217 1757 adalligamentum.

533 1877 661 1936 xxm.
684 1878 738 1936 Ad
760 1879 920 1936 morbum
941 1877 1085 1948 reglum.
1318 1831 1319 1925 l

353 2008 441 2072 3ο,93.
538 1997 648 2059 Sordes
671 1999 707 2059 de
726 1998 868 2060 auriculis
886 2006 937 2061 aut
960 1997 996 2059 de
1015 2015 1143 2058 memma
1165 2017 1218 2077 pe·

470 2085 569 2168 cudis,
590 2087 723 2166 pondere
742 2087 868 2168 denarii,
887 2106 956 2148 cum
973 2103 1089 2167 myrrae
1108 2085 1219 2165 pusillo

370 2176 406 2232 se.
429 2179 431 2184 “
470 2193 507 2236 ex
530 2175 646 2236 duobus
666 2175 779 2256 cyathis
797 2178 858 2236 vini
880 2175 1068 2237 hauriuntur.
1101 2192 1221 2238 vermes

468 2265 583 2325 terreni
610 2282 679 2325 cum
702 2282 800 2344 myrra
827 2267 859 2326 in
881 2271 965 2326 aceto
993 2261 1090 2326 mulso
1117 2266 1220 2344 propi·
1238 2277 1267 2316 2⁰

354 2361 441 2425 suet.
469 2359 587 2414 uantur.
615 2351 772 2414 cerebrum
790 2352 921 2433 perdicis
938 2354 970 2414 in
988 2350 1085 2412 tribus
1104 2351 1222 2432 cyathis

369 2441 405 2496 ib.
469 2441 531 2501 vini
552 2439 673 2502 bibitur.
711 2443 828 2503 cineres
854 2443 1077 2503 interaneorum
1104 2440 1220 2520 palum·
1315 2497 1316 2520 p

469 2526 578 2590 borum
594 2528 630 2590 ed
649 2528 793 2591 coclearia
811 2529 880 2591 bina
897 2527 1042 2590 bibuntur
1056 2547 1093 2589 ex
1112 2529 1220 2591 mulso.
1315 2537 1316 2613 l

274 2703 288 2752 1
308 2698 390 2770 potui
407 2699 434 2754 d.
446 2701 464 2783 'l
490 2698 591 2768 chryso
614 2698 737 2769 (crhyso
750 2703 786 2771 p)'
803 2715 901 2770 carpos
918 2700 958 2771 ab
977 2701 1052 2770 (pus
1070 2700 1117 2782 r):⁰
1136 2699 1220 2756 criso-
1314 2689 1315 2760 l

202 2771 354 2922 cerati
369 2770 1000 2926 <succurrentem{tum
1017 2767 1221 2926 {sumt
1314 2761 1315 2841 l

203 2909 352 2979 (exemptus
372 2911 437 2980 Pu).
493 2917 508 2968 8
527 2911 623 2967 vrtuh:
641 2912 742 2968 bubub
759 2917 823 2968 aare
840 2928 893 2982 cpe.
907 2928 976 2968 coar.
994 2913 1022 2968 d.
1076 2917 1093 2966 9
1111 2911 1221 2968 Vmeuo

203 2979 264 3050 (ric)
283 2997 334 3050 per
350 2980 450 3037 uincam
470 2981 564 3039 aridae
584 2983 664 3039 tusae
681 3000 699 3055 9
718 2984 763 3052 (es.
779 2982 849 3054 Pl),
871 2983 960 3040 Vince
982 2981 1066 3038 uncie
1083 2983 1220 3053 peraridus

203 3051 267 3106 tuse
290 3052 317 3107 d.
373 3057 407 3108 10
425 3050 516 3108 farine
534 3055 565 3110 d:
589 3071 653 3110 -uas
671 3072 696 3125 p.
723 3055 727 3122 Ι
752 3053 886 3110 coclearis
903 3055 947 3124 pu
965 3054 1027 3123 (uir
1043 3053 1086 3110 uel
1103 3054 1140 3110 -ri
1156 3071 1183 3112 o.
1202 3055 1220 3110 ἱ.

204 3119 271 3191 Pu).
327 3128 359 3178 11
380 3122 524 3180 celerrime
541 3141 571 3196 p:
591 3124 719 3181 celeriter
735 3127 763 3182 d.
779 3126 784 3195 Ι
803 3124 991 3182 helleborum:
1010 3127 1041 3180 et
1057 3123 1183 3182 liuorun
1194 3142 1221 3200 p,

201 3190 367 3262 Elllivorir
385 3194 411 3249 d.
476 3201 511 3250 14
528 3195 698 3265 imponimus
715 3213 746 3266 p:
766 3197 918 3254 -nemued
983 3199 1016 3250 15
1035 3197 1219 3268 spargendi

201 3264 234 3318 eb
255 3263 340 3322 adoll.
364 3265 391 3321 d.
456 3270 489 3320 16
508 3265 652 3336 lice{<b>
669 3283 695 3338 p.
721 3273 725 3335 Ι
754 3267 840 3323 biduo
858 3268 905 3323 vel
926 3265 1019 3322 triduo
1041 3283 1097 3322 uno
1119 3267 1170 3323 α’
1211 3299 1221 3308 -

201 3337 342 3392 mentod.
390 3341 422 3390 11
442 3339 493 3391 eut
505 3337 544 3406 pb
558 3337 639 3407 (Pl.):
658 3341 688 3396 et
705 3339 732 3394 d.
784 3344 817 3394 18
836 3337 944 3394 denarii
961 3337 1157 3408 pondererb(
1186 3341 1220 3410 ij:
1311 3357 1312 3362 ¹

201 3408 311 3492 pondus
330 3406 439 3491 denarii
456 3408 505 3477 pol.
530 3409 535 3477 Ι
564 3425 659 3479 myrru
676 3425 706 3484 5,
731 3407 818 3464 mirra
838 3411 865 3466 d.
919 3414 955 3465 10
972 3409 1141 3492 propinetur
1157 3425 1184 3484 p.

201 3477 566 3620 {zoppeppreiawssopdrb
628 3479 1220 3552 aeaur(1’z.)=mn.uue.1bmuyu=
