2636 3874
534 144 730 205 ,9-

121 305 316 368 utilissimum
338 322 404 364 esse
428 303 487 364 mel
508 307 539 364 in
563 323 622 383 quc
646 325 716 386 apes
735 315 868 367 mortuae

120 395 189 454 sint.
219 411 278 472 quc
298 395 342 453 uti
360 393 386 452 si
405 394 569 474 continget,
589 394 785 456 affectandum
804 397 913 456 erit.
964 387 967 399 '

189 480 300 542 Lanam
310 480 443 560 sucidam
452 499 545 560 aeque
555 484 779 545 meminerimus
794 487 868 563 cpti-
898 494 985 557 11133.

119 588 201 630 mam
224 588 289 630 esse
314 587 330 630 e
354 569 438 629 collo.
497 614 500 621 ,
1062 561 1067 568 ’

93 673 105 709 ⁵
165 657 307 719 luhemur
321 660 352 718 in
366 656 543 736 quibusdam
557 661 700 720 remediis.
709 662 755 720 uti
768 662 868 721 cinere

120 746 168 807 vel
188 748 285 808 avium
302 745 349 806 rel
367 747 537 832 animalium
556 749 738 827 aliarumque
759 767 869 808 rerum.

120 836 219 895 omnia
247 835 335 895 huius
363 838 481 913 generis
509 836 661 898 debebunt
684 839 810 897 cremari
838 839 870 897 in
942 840 957 873 *

120 923 179 983 clla
211 942 299 1005 nova,
337 924 435 984 addite
468 925 610 1004 opercrdo
643 925 869 1004 circumlithue

120 1011 237 1092 argilla,
260 1013 290 1071 iu
313 1012 402 1072 furno
426 1013 562 1073 ferventi.

82 1114 106 1150 1⁰
180 1098 325 1161 Omnibus
336 1100 618 1180 gargarizationibus
628 1099 729 1162 calidis
740 1110 868 1163 utemur.
942 1105 956 1138 *

180 1187 305 1267 Oportet
319 1197 349 1249 et
363 1189 495 1267 pondera
505 1190 690 1252 medicinalia
700 1209 867 1251 mensuras·
897 1199 1001 1262 21,185.

119 1295 179 1356 que
207 1295 305 1336 nosse.
343 1276 482 1338 drachma
510 1286 572 1339 tres
596 1279 741 1357 scripulos
771 1278 868 1339 hahet.

119 1363 262 1425 drachma
274 1365 392 1443 pondus
407 1373 453 1426 est
471 1366 585 1426 denarii
599 1369 744 1448 argentei,
763 1367 868 1444 ohclus

119 1452 279 1513 drachmae
301 1471 371 1532 pars
390 1462 481 1515 sexta.
519 1455 641 1534 cyathus
660 1454 816 1516 drachmae
835 1470 869 1536 x,

81 1554 105 1592 1⁵
121 1541 309 1601 acetabulum
324 1540 481 1603 drachmae
495 1558 553 1624 xv,
577 1543 710 1604 cocleare
730 1542 869 1602 drachma

118 1629 254 1710 dimidia,
277 1632 356 1690 mina
375 1631 531 1692 drachmae
552 1645 581 1692 0.
609 1634 755 1692 sextarius
778 1631 868 1691 medi·

119 1718 224 1778 cinalis
246 1717 335 1779 hahet
359 1723 462 1780 uncias
485 1735 518 1780 x.

178 1805 868 1887 llaecsuntlerequaeinuniversitatemobser·

118 1894 214 1955 vanda
227 1902 304 1955 sunt.
328 1914 409 1956 nunc
424 1897 549 1976 singulis
559 1897 701 1960 membris
711 1915 764 1958 sua
774 1915 868 1956 reme·

80 1997 106 2036 20
120 1982 169 2043 dia
189 1981 409 2062 applicabimus.
444 1985 624 2064 procedente
643 1983 787 2064 opusculo
809 1992 868 2043 ter-

117 2073 208 2133 tianis
227 2074 379 2150 quartanis
399 2080 429 2132 et
447 2072 618 2134 huiusmodi
631 2072 716 2132 malis
731 2072 869 2150 quemad·
974 2131 977 2137 .

119 2160 244 2220 modum
253 2156 442 2242 occurratur,
457 2164 534 2222 sicut
547 2163 579 2221 in
593 2162 728 2221 notitiam
738 2167 870 2220 uestram

119 2249 213 2329 venit,
228 2246 428 2309 tractabimus.
451 2251 635 2332 xincipiemus
650 2266 721 2327 ergo
734 2266 750 2308 a
765 2249 870 2326 capite.

193 2425 206 2472 1
227 2417 454 2473 utilissimumrb
465 2417 579 2487 (Pitup
598 2417 668 2472 utile
682 2419 714 2483 d,
728 2417 881 2472 utillimum
889 2418 949 2486 (sic)
957 2432 983 2486 p.
1039 2416 1135 2470 esunt

140 2490 211 2545 drb.
228 2490 232 2555 Ι
249 2505 313 2559 que
322 2489 394 2558 prb:
414 2488 489 2558 quod
508 2490 535 2544 d.
552 2491 556 2558 l
573 2487 712 2558 contingit
730 2486 990 2560 effectuosissimum
1008 2484 1075 2553 erit,
1098 2486 1135 2540 ad

118 2505 214 2614 huam
232 2558 438 2632 succidendam.
470 2560 567 2630 Aeque
581 2563 627 2614 etc.
647 2559 692 2614 rb.
747 2558 920 2628 3optimam
934 2574 994 2614 cese
1012 2555 1136 2625 collopd

119 2634 143 2700 (c
158 2672 165 2686 .
178 2633 295 2700 Marc),
318 2629 457 2701 optimum
475 2646 536 2686 esee
554 2628 670 2700 collyrio
688 2647 705 2684 r
728 2630 764 2698 (ο.
784 2646 807 2685 e.
826 2628 868 2684 uti
892 2629 1008 2699 collyn'o
1027 2628 1063 2696 b).

119 2708 135 2755 5
153 2702 284 2757 iubemur
304 2718 335 2771 pe
362 2701 528 2757 iubemusd
550 2700 719 2770 (iubebimus
737 2701 795 2769 rb).
885 2707 900 2755 ⁷
924 2701 951 2754 h.
970 2696 1081 2769 generis
1103 2713 1133 2766 p:

118 2771 280 2828 huiusmodi
293 2773 313 2828 d
327 2771 496 2839 (huiusmodi
510 2772 620 2842 generis
633 2772 689 2840 rh).
715 2777 719 2839 Ι
744 2771 887 2826 debebunt
899 2772 972 2840 prb:
991 2767 1095 2825 debent
1108 2769 1136 2824 d.

146 2850 162 2899 8
173 2842 386 2912 circumlitoque
395 2845 468 2913 pdr:
483 2841 725 2912 circumlinitequc
735 2843 751 2897 b
762 2843 807 2911 (cf.
818 2841 904 2911 Garp.
913 2858 935 2897 c.
946 2845 1000 2912 41).
1034 2846 1049 2894 9
1064 2838 1095 2894 in
1102 2871 1135 2880 -

117 2913 239 2970 ferventi
251 2917 293 2983 qd
303 2914 348 2982 (cf.
360 2914 477 2983 Marci:
495 2930 545 2969 om.
560 2914 605 2968 rb.
657 2919 690 2967 12
704 2928 786 2968 nome
799 2913 852 2982 pd:
871 2929 955 2968 nosce
968 2931 984 2968 r
999 2911 1088 2982 (nosci
1098 2912 1134 2981 h).

120 2981 553 3054 idragmapdhtemtnceq.)
580 2987 583 3052 Ι
606 2983 769 3053 posthabet
782 2984 847 3038 haec
860 2985 945 3051 infert
958 2981 1134 3040 rh21nali0

118 3055 215 3110 codiee
241 3053 402 3110 medicinali
434 3057 472 3124 (c.
496 3003 531 3111 de
554 3057 615 3112 erte
637 3053 747 3110 medica
774 3055 804 3123 b)
829 3055 887 3126 legi
908 3054 959 3111 ite.
991 3053 1133 3109 Drachma

119 3127 163 3182 eet
179 3127 289 3196 pondus
307 3132 354 3182 etc.
428 3133 461 3182 14
480 3129 560 3182 sexta
576 3126 649 3196 prb:
682 3125 771 3180 tercia
802 3127 848 3194 (ex
867 3145 907 3182 111.
923 3142 978 3195 pro
996 3127 1045 3195 v1.)
1064 3125 1091 3178 d.

120 3202 225 3252 14—16
240 3197 390 3252 drachmae
401 3198 526 3268 (dragma
535 3200 563 3267 p)
573 3197 649 3266 prb:
660 3195 791 3266 dragmas
801 3197 827 3252 d.
858 3202 890 3251 15
900 3197 1073 3252 acitabulum
1083 3195 1133 3263 qd.

123 3268 296 3338 ldragmam
319 3267 466 3324 dimidiam
479 3269 505 3324 d.
571 3273 604 3323 16
631 3267 728 3336 uragu
751 3269 777 3322 d.
824 3268 1045 3324 sextarius-x:
1068 3266 1134 3345 haec

120 3340 241 3394 aldcarda.
265 3344 410 3408 praetcrea
423 3341 502 3395 addit
516 3340 567 3394 rb:
588 3337 702 3393 hemina
715 3337 908 3394 drachmam.
960 3343 992 3392 18
1002 3334 1134 3390 universi·

119 3411 451 3480 tutem(·te)p:-tedrb.
497 3415 530 3463 21
540 3410 569 3463 el
578 3408 799 3478 quartaniedrb.
850 3415 883 3462 23
893 3407 1057 3474 incipiemus
1067 3419 1133 3471 ergo

120 3479 252 3550 (igiturct)
262 3480 376 3550 acupile
381 3481 418 3549 pd
422 3503 429 3536 a
440 3480 495 3536 orsi
505 3479 621 3548 acupile
631 3479 744 3547 eiusque
754 3477 871 3532 melluch
881 3478 925 3543 (etc
932 3477 1007 3529 Plc'u.
1014 3478 1056 3538 25,
1063 3473 1133 3539 132).
