2588 3886
570 153 811 217 -188—

348 374 499 454 „xum
530 375 580 431 De
602 374 744 444 persico.

94 525 96 528 ·
209 483 270 539 Gal·
360 492 551 554 Persicorum
574 492 659 554 cibus
682 501 728 554 est
755 491 874 572 quidem
898 491 1052 552 stomacho
1080 489 1196 571 inutilis,

190 561 329 641 W’592eo
352 581 431 659 qtrod
455 583 514 641 cito
538 599 628 642 sucus
651 583 715 642 eius
738 583 886 642 inanescat
905 588 937 641 et
959 598 1029 640 caro
1054 597 1149 657 aeque
1169 580 1197 637 iu

292 669 457 747 digestione
480 671 614 750 vitietur,
637 687 740 730 verum
763 670 884 730 minime
908 670 1017 750 gravis,
1047 667 1121 729 dum
1143 684 1197 726 non

292 757 405 818 diutius
423 760 454 818 in
477 759 628 819 intestinis
645 766 780 818 moratur
799 765 829 818 et
848 756 884 817 ad
902 759 962 818 ima
980 775 1104 836 semper
1122 757 1197 815 exitu

220 838 256 896 ib·
294 845 437 907 celeriore
466 847 594 908 festinat.
629 864 797 926 praecoqua
820 851 920 906 tamen
947 853 978 906 et
1004 847 1140 906 armenia
1161 843 1218 902 le-⁵

189 915 374 995 tsnanviom
401 942 480 996 sunt.
521 937 620 996 miuus
647 936 678 995 iu
705 934 751 996 bis
783 934 907 995 offendit
938 933 1018 1012 quod
1053 950 1145 1012 supra
1170 933 1198 990 in
1259 919 1260 994 l

291 1021 453 1083 maioribus
471 1025 597 1102 persicis
616 1023 828 1084 adnotavimus
862 1030 893 1083 et
913 1031 1012 1083 tamen
1031 1037 1197 1102 praecoqua
1260 1011 1261 1064 l

291 1111 327 1172 ad
342 1110 500 1173 utilitatem
519 1114 654 1190 corporis
673 1113 813 1172 armeniis
827 1110 1016 1172 antecedunt.
1046 1109 1116 1171 ideo
1129 1109 1197 1168 haec
1261 1104 1262 1166 l

290 1201 380 1260 etiam
398 1201 495 1278 aegris
513 1201 635 1260 interim
653 1199 717 1260 dari
734 1206 874 1280 possunt,
892 1199 1111 1278 quorumdum
1125 1204 1196 1258 taxat
1262 1196 1263 1246 l

291 1287 427 1348 condicio
448 1289 628 1367 permiserit.
1208 1296 1229 1336 1⁰
1263 1286 1264 1322 l

356 1375 548 1437 Persicorum
579 1375 665 1438 cibus
701 1384 826 1456 negatur
858 1394 875 1435 a
906 1375 1029 1436 medicis
1070 1372 1196 1435 membra
1264 1378 1265 1412 r

202 1472 264 1530 Get.
287 1467 415 1527 nutrire.
451 1463 580 1526 Galenus
603 1464 708 1526 suadet
735 1482 896 1543 numquam
922 1471 991 1544 post
1013 1463 1119 1525 cibum
1141 1479 1196 1522 om-
1265 1470 1266 1504 l

187 1552 367 1614 Vss⁶93nino
400 1571 532 1635 sumere,
564 1555 717 1632 corrumpi
748 1552 906 1614 adfirmans
929 1555 956 1634 ς’
982 1552 1060 1614 cibis
1094 1550 1196 1612 ceteris
1266 1562 1267 1614 l

206 1650 269 1706 Gal.
292 1643 441 1704 innatarit.
478 1640 546 1702 lolia
569 1644 756 1721 persicorum
784 1643 855 1703 trita
877 1649 908 1702 et
934 1643 1066 1720 inposita
1090 1639 1195 1701 ventris
1267 1654 1268 1694 l

182 1728 424 1790 Htw-animalia
451 1733 603 1809 perimunt
625 1741 655 1791 et
678 1728 838 1809 expellunt
875 1730 978 1792 eadem
1001 1732 1085 1791 sicca
1113 1735 1195 1806 atque
1207 1736 1228 1777 1⁵
1268 1744 1269 1774 r

227 1836 243 1868 s
292 1820 322 1878 in
345 1811 499 1898 pulverem
522 1825 609 1879 tunsa
632 1826 769 1879 recentes
795 1817 896 1897 plagas
919 1827 1117 1880 cruentorum
1139 1813 1195 1874 vul·
1269 1836 1270 1868 r

215 1882 278 2022 1,)ῑῇ
293 1924 400 1967 nerum
423 1905 573 1967 claudunt.
610 1906 734 1978 nucleus
760 1908 947 1986 persicorum
975 1908 1083 1986 eapitis
1107 1903 1196 1966 dolori
1270 1928 1271 1962 r

287 2163 391 2212 matura
419 2154 548 2212 coeliacis
571 2162 600 2212 et
621 2153 799 2229 dysentericis
819 2162 847 2210 et
875 2157 1034 2230 sanguinem
1063 2153 1193 2212 reicienti-

289 2237 340 2294 bus
362 2247 480 2312 prosunt
501 2239 528 2294 in
548 2239 609 2296 cibo
631 2246 746 2313 sumpta.
783 2247 859 2295 cocta
883 2240 1016 2296 incinere
1039 2239 1128 2297 calido
1150 2237 1193 2292 ob·

287 2323 381 2378 voluta
396 2323 423 2377 in
446 2320 531 2378 farina
547 2323 646 2379 dantur
666 2324 695 2379 in
711 2321 834 2380 febribus
848 2322 1033 2380 laborantibus
1048 2322 1190 2380 diuturnis.
1203 2328 1225 2367 ²⁰

288 2407 430 2462 stomacho
445 2407 585 2465 commoda
608 2414 681 2462 sunt.
717 2408 800 2464 incisa
820 2415 897 2464 cocta
920 2409 948 2464 in
970 2425 1037 2483 aqua
1060 2409 1125 2465 dato
1140 2415 1192 2462 sto·

287 2491 383 2547 macho
411 2488 576 2547 dolentibus.
614 2493 705 2547 vinum
728 2508 822 2549 eorum
851 2490 1039 2567 dysentericos
1061 2492 1191 2550 coeliacos

287 2577 443 2634 nausiantes
471 2575 585 2650 stringit
612 2582 640 2632 et
671 2577 833 2650 sanguinem
859 2587 1017 2650 expuentes.
1063 2585 1142 2635 cocta
1165 2573 1190 2628 in

287 2660 373 2716 mulsa
396 2661 459 2718 trita
482 2659 622 2717 stomacho
644 2661 763 2734 inposita
785 2659 953 2718 delectiones
976 2661 1088 2719 tollunt.

251 2903 265 2950 1
286 2897 314 2951 P.
335 2897 449 2967 quidem
467 2897 546 2953 cibus
566 2900 608 2954 est
624 2895 733 2952 inutilis
751 2899 786 2952 st.
806 2898 823 2953 l.
879 2905 895 2953 2
915 2915 948 2954 eo
966 2899 1004 2955 rb
1019 2899 1070 2968 (ωε
1090 2913 1138 2954 om.
1153 2892 1187 2948 vl·

182 2965 342 3037 linacescut
358 2985 389 3038 9:
416 2970 560 3024 mutescat
576 2969 627 3036 rb,
652 2968 792 3024 inarescat
813 2970 853 3025 ol.
877 2973 881 3038 Ι
905 2969 1120 3040 indigestionem
1139 2968 1174 3046 l„

129 3097 132 3104 Δ
179 3042 196 3090 t
215 3036 347 3093 celeriore
367 3039 420 3106 (·ri'
431 3042 459 3109 9)
476 3040 543 3110 pol:
563 3040 648 3096 celeri
665 3039 731 3106 rbi
753 3043 1018 3110 praecoqua-(10)
1034 3034 1188 3110 permiserit

177 3109 244 3177 pol:
267 3123 318 3162 om.
337 3109 381 3164 rb.
419 3112 458 3177 cf.
481 3112 514 3166 de
532 3111 695 3181 praecoquis
717 3115 742 3165 et
764 3113 896 3166 omentis
917 3113 936 3168 i.
959 3113 1112 3166 minoribus
1130 3121 1186 3176 per·

177 3180 242 3234 sicis
260 3179 353 3235 Diose.
375 3186 461 3249 tuot.
521 3188 536 3237 9
556 3181 642 3237 etiem
661 3197 710 3236 otu.
730 3181 748 3236 l.
769 3185 773 3249 1
793 3185 896 3252 posunt
913 3199 938 3252 p.
960 3185 964 3251 Ι
984 3183 1051 3237 dum
1069 3181 1147 3237 taxat
1161 3190 1184 3244 9·

177 3275 216 3331 du
233 3279 314 3332 taxat
327 3295 356 3334 u:
375 3277 512 3335 duntaxat
526 3281 544 3334 l.
590 3285 622 3334 11
638 3261 750 3352 nigbtur
764 3279 780 3334 l.
828 3283 862 3334 12
877 3278 1000 3336 Galenus
1014 3277 1153 3348 (Gelidum
1166 3273 1184 3340 l)

176 3349 243 3418 pol:
272 3348 320 3404 sed
343 3350 373 3405 et
390 3348 512 3405 Galenus
535 3349 678 3418 (Gulienus
696 3351 721 3419 r)
740 3351 785 3407 rb.
806 3349 811 3422 Ι
830 3367 975 3422 nunquam
994 3350 1106 3418 omnino
1126 3349 1184 3424 peti

180 3417 273 3474 cibum
290 3421 335 3474 rb.
394 3426 425 3476 13
445 3419 594 3475 adfirmem
612 3438 658 3491 po.
680 3424 685 3493 Ι
705 3422 730 3477 si
747 3422 837 3491 pald:
855 3421 885 3476 in
899 3422 949 3492 rb.
1006 3414 1184 3477 rennuunt

178 3491 270 3559 quid:
289 3489 419 3547 innatent
436 3492 481 3548 rb.
498 3497 503 3561 l
519 3493 619 3547 abhinc
636 3494 662 3548 d.
690 3491 864 3548 Persicorum
882 3492 952 3548 folia
969 3494 1013 3549 rb.
