2654 3878
545 161 763 224 -22-

210 329 251 384 V.
273 301 329 385 dd
351 339 470 398 panos.

209 428 396 489 Nasturtium
433 447 501 489 curn
533 431 599 507 pice
636 447 728 509 panos
761 430 890 492 discutit.
919 443 1026 505 22128.

135 514 289 596 <maturis
321 513 394 596 aut>
427 517 696 578 maturescentibus
728 521 891 598 imponitur
919 530 1026 593 22242.

134 605 206 666 lens
229 623 266 665 ex
293 612 377 666 aceto
405 605 543 668 discocta.
580 621 684 666 ervum
712 625 781 668 cum
804 607 891 668 melle
919 618 1026 682 22222.

134 695 246 754 tritum
279 701 309 754 et
340 695 512 772 impositum
545 711 712 773 suppurare
742 695 890 774 prohibet.

103 781 235 860 ⁵lupini
259 800 295 841 ex
319 790 402 842 aceto
426 785 503 842 cocti
521 790 573 842 aut
595 784 734 842 minuunt
757 790 808 843 aut
831 801 889 844 ma·
919 795 1026 857 22162.

137 877 252 930 turant.
289 871 379 930 ficum
402 889 438 930 22
461 873 530 930 2122
554 870 717 930 discoctam
740 879 771 932 et
793 879 890 933 tusam
918 883 1025 945 23222,

136 959 306 1037 imponunt.
357 960 471 1019 viscum
504 966 534 1019 et
565 960 695 1019 resinam
728 966 758 1020 et
791 978 890 1020 ceram
918 970 1004 1034 24‚11.

138 1048 244 1123 aequis
271 1045 454 1124 ponderibus
477 1049 601 1106 remissa
629 1049 794 1127 imponunt.
831 1049 889 1128 gal-
918 1060 1004 1122 24,21.

136 1133 251 1193 banum
273 1152 328 1212 per
352 1153 383 1194 se
411 1134 542 1214 prodest.
579 1136 641 1195 feni
669 1139 768 1214 graeci
796 1136 890 1196 farina
918 1147 1024 1210 24‚188.

92 1233 123 1272 1⁰
138 1241 178 1282 ex
199 1221 380 1302 hydromelle
404 1222 527 1284 decocta
546 1223 644 1283 addita
663 1227 788 1304 astingis
811 1227 888 1286 miti·

137 1317 190 1390 gat
212 1310 354 1371 dolorem.
390 1314 486 1390 aperit
507 1329 600 1390 panos
620 1331 721 1372 sevum
740 1312 889 1392 pecudum
917 1321 1005 1386 3225.

138 1416 210 1459 cum
233 1398 292 1459 2212
312 1397 399 1459 12212.
432 1398 554 1460 discutit
572 1401 709 1460 murinus
732 1401 820 1461 fimus
839 1401 887 1462 ad·
951 1401 988 1454 ib·

138 1486 202 1546 dito
220 1489 298 1548 turis
310 1486 420 1566 polline
436 1494 466 1548 et
480 1487 651 1568 sandaraca,
670 1486 779 1548 lacerta
798 1487 890 1548 divisa
952 1487 989 1542 ib.

136 1574 242 1634 viridis
256 1577 408 1658 imposita,
429 1574 546 1636 cocleae
568 1582 652 1636 tusae
668 1578 742 1635 cinis
756 1578 890 1636 inanium
952 1574 989 1628 ib·

96 1673 124 1713 1⁵
139 1663 310 1724 coclearum
332 1681 419 1724 cerae
442 1666 566 1744 mixtus,
589 1665 676 1724 fimus
700 1663 887 1725 columbinus

136 1769 194 1831 per
218 1770 250 1812 22
269 1751 315 1810 221
335 1770 403 1812 cum
422 1752 516 1812 farina
539 1751 703 1813 hordeacea
722 1755 887 1832 impositus
952 1751 989 1806 fb·

138 1839 315 1900 echinorum
338 1847 432 1901 testae
447 1848 598 1917 'contusae
621 1860 657 1901 22
680 1859 755 1920 aqua
777 1841 887 1902 inlitae.
916 1847 1022 1911 32122.

138 1929 215 1987 cinis
249 1930 397 1989 muricum
430 1927 475 1988 221
511 1947 713 2008 purpurarum
750 1947 787 1989 22
822 1930 888 1989 2122
951 1927 988 1980 ib·

137 2024 239 2076 vetere
272 2018 334 2076 sive
365 2018 542 2095 incipientes
570 2016 692 2078 discutit
726 2019 786 2078 sive
820 2035 887 2077 con-

94 2114 122 2153 20
138 2111 241 2164 222122
264 2107 367 2183 aperit.
405 2105 505 2164 cancri
527 2105 659 2165 fluviales
682 2107 745 2165 triti
768 2103 887 2164 meden-
951 2102 988 2155 ib·

137 2199 197 2252 tur.
239 2191 414 2252 salsamenta
443 2200 525 2253 cocta
557 2200 587 2252 et
618 2194 764 2271 imposita.
808 2199 889 2252 creta
937 2189 988 2243 ab.

138 2279 257 2340 cimolia
292 2282 362 2340 trita
399 2297 435 2340 22
472 2288 555 2340 22212
592 2280 719 2340 cohibet.
766 2282 888 2340 ursinus
916 2284 1030 2350 35‚195.·
1130 2349 1138 2358 Ι
1234 2351 1239 2358 ¹

138 2371 259 2447 sanguis
283 2368 419 2449 discutit,
446 2370 518 2428 item
546 2371 683 2429 taurinus
707 2368 807 2429 aridus
835 2371 887 2429 tri·
917 2375 1023 2438 22212

138 2464 196 2518 tus.
234 2455 361 2536 ungulae
385 2459 510 2534 equinae
534 2459 609 2517 cinis
634 2475 702 2518 cum
725 2456 805 2538 oleo,
832 2456 885 2516 bu·
951 2456 988 2509 sb.

96 2540 415 2624 25122122<2222212>
438 2544 583 2605 inlinitur.
617 2546 721 2606 timum
739 2546 889 2605 hircinum
951 2543 988 2597 sb.

209 2715 251 2770 tit.
270 2714 315 2768 Ad
334 2729 420 2783 panas
439 2731 508 2784 quas
526 2715 672 2784 paniculas
690 2732 741 2771 nos
764 2715 883 2769 dicimus
901 2728 932 2781 2,
955 2709 1000 2762 Ad
1018 2725 1106 2778 panas
1124 2713 1158 2768 et

137 2784 283 2854 paniculas
302 2785 329 2838 d.
375 2791 498 2855 ipanus
516 2786 606 2853 pdrb.
653 2781 1006 2849 mandatumst
1062 2781 1153 2836 tdis·

139 2857 220 2910 cocta
238 2871 267 2925 p:
288 2855 405 2910 decocta
421 2856 470 2924 rb,
497 2855 616 2910 discutit
647 2856 707 2923 (ubi
730 2871 799 2910 cerr.
817 2867 956 2923 suprascr.
976 2850 1082 2923 coquit)
1105 2853 1153 2908 ite·

137 2943 200 2981 mm
218 2927 244 2982 d.
270 2925 275 2996 Ι
300 2941 397 2980 ervum
415 2926 482 2994 (Pl,
502 2926 545 2980 M:
560 2944 591 2995 2.
611 2927 686 2995 22412
711 2942 789 2980 erum
807 2941 838 2994 2,
862 2923 1003 2980 Acrumd
1027 2923 1155 2994 (ipseque

138 3027 172 3036 -
195 3011 231 3052 22.
251 2997 439 3052 lens-cocta
468 2998 497 3052 et
515 2997 564 3065 rb,
594 2997 641 3051 sed
662 2996 781 3064 ruferius
803 2995 886 3050 itdcm
913 2995 1155 3065 remissorium).

173 3074 190 3122 8
208 3065 357 3122 remissum
374 3083 405 3137 2,
428 3067 572 3123 remissam
590 3068 610 3121 d
636 3069 696 3136 (om.
716 3069 770 3136 rb).
844 3065 937 3120 tfeni
954 3065 1049 3136 grceci
1072 3067 1157 3135 (Pl.):

137 3137 254 3194 feniculi
271 3138 361 3206 221212.
417 3143 450 3191 11
470 3153 558 3208 panus
576 3139 666 3208 pdrb.
718 3143 751 3191 15
771 3153 851 3192 cerae
866 3137 903 3192 rb
922 3137 1004 3206 (Plu
1024 3153 1088 3192 cere
1105 3137 1156 3205 221.

175 3215 207 3264 11
232 3207 422 3264 dechinorum
443 3224 468 3277 2.
541 3214 575 3262 19
594 3210 743 3264 concoctos
767 3208 851 3276 (Pl.):
877 3209 1026 3263 concoctos
1044 3222 1073 3276 2,
1098 3223 1155 3260 non

138 3282 233 3334 coctos
262 3279 287 3334 d.
339 3285 373 3335 20
395 3278 545 3334 fluviatiles
571 3279 616 3334 Pl.
668 3285 701 3334 22
727 3278 860 3334 chimolie
876 3294 902 3347 2.
928 3281 933 3345 l
960 3276 1072 3332 cohibet
1093 3275 1154 3342 prb

139 3351 183 3406 M.
197 3367 225 3419 2.
240 3355 294 3405 224
312 3349 394 3419 (Pl.):
412 3349 544 3420 prohibet
561 3351 580 3404 d
598 3351 639 3419 (ut
657 3351 746 3418 22212
755 3367 784 3418 p.
800 3351 898 3418 78,23).
945 3353 978 3402 23
997 3346 1072 3400 idem
1091 3344 1140 3425 d..

139 3419 321 3476 2421212
340 3437 404 3475 cum
426 3419 507 3489 (Cum
526 3421 555 3488 d)
575 3420 636 3476 oleo
654 3420 775 3476 bubulus
797 3417 1005 3488 (bubulinusd)
1028 3413 1153 3481 in(l)lin1-

138 3491 234 3560 turpe
247 3491 371 3560 (sanguis
385 3491 448 3546 odd.
459 3492 514 3562 rb).
534 3494 567 3544 25
578 3491 659 3545 fimus
668 3485 992 3545 hircinus...decoctusd
997 3485 1033 3538 rb
1043 3483 1113 3551 (·um
1117 3486 1154 3553 2).
