2636 3874
540 153 759 217 -28-

294 330 381 393 3034.
410 317 482 378 hent
504 319 535 377 in
557 322 641 376 testa.
678 314 837 374 harenulae
861 331 936 392 quae
960 315 990 373 in
1014 313 1159 374 cornibus

411 407 578 467 coclearum
592 405 784 464 inveniuntur
799 403 877 463 cavis
891 401 1031 462 dentibus
1045 402 1158 463 inditae

295 507 381 569 tout.
410 496 552 555 continuo
584 493 691 553 finiunt
725 491 865 552 dolorem.
914 490 993 551 idem
1024 499 1159 570 praestat

274 581 381 658 ¹31,101.
410 584 497 643 fimus
517 583 598 642 curvi
617 583 647 641 in
667 581 732 640 lana
751 579 893 659 alligatus.
921 577 1053 640 inviolati
1071 575 1159 658 praess

410 678 528 732 stantur
548 671 653 731 dentes
672 670 698 729 si
712 670 778 747 quis
802 669 922 730 cottidie
937 685 1022 728 mane
1037 668 1159 728 ieiunus
1173 676 1187 716 ⁵

411 759 467 820 sub
490 759 590 838 lingua
603 757 710 819 habeat
728 774 853 836 granum
867 757 935 817 salis
954 757 1048 817 donec
1063 755 1159 835 lique-

278 860 383 924 28,178.
411 856 482 910 scat.
524 849 636 908 cervini
664 865 773 906 cornus
801 848 895 906 farina
922 848 953 905 in
981 845 1083 905 dolore
1110 845 1160 906 vel

278 948 382 1012 tutta.
411 936 593 996 conluuntur
615 935 660 995 vel
688 936 840 995 fricantur.
877 934 927 994 tali
955 932 1059 994 bubuli
1082 935 1160 994 cinis

311 1027 347 1081 ib.
411 1024 613 1084 dentifricium
645 1030 698 1083 est.
749 1041 815 1084 ossa
850 1042 885 1083 ex
918 1021 1036 1101 ungulis
1069 1039 1160 1083 suum

278 1124 384 1187 tunsa.
412 1111 564 1173 combusta
584 1112 711 1172 eundem
730 1113 818 1176 usum
836 1119 996 1191 praestant.
1034 1113 1157 1190 caprino
1174 1121 1203 1161 10

322 1207 338 1240 *
411 1202 486 1261 lacte
511 1201 624 1261 utiliter
648 1200 751 1260 dentes
780 1200 970 1261 conluuntur.
1007 1198 1087 1260 ebuli
1111 1217 1158 1258 ra-

411 1289 508 1350 dicem
536 1308 572 1350 cx
603 1299 685 1351 aceto
718 1288 864 1370 decoque,
897 1297 927 1349 et
958 1287 1008 1348 diu
1041 1290 1072 1347 in
1105 1305 1160 1348 cre

323 1383 339 1417 *
411 1385 557 1438 teneatur.
585 1377 654 1437 folia
676 1377 712 1437 de
731 1376 810 1437 buxo
831 1385 861 1437 et
880 1376 1064 1438 ramusculos
1079 1379 1161 1436 aneti

411 1474 473 1527 tres
491 1468 523 1527 in
542 1466 629 1527 ullam
649 1467 741 1526 mittis
760 1475 790 1527 et
809 1484 877 1526 cum
892 1472 975 1526 aceto
995 1464 1030 1524 ad
1054 1467 1160 1525 tertias

412 1555 569 1639 decoquisa
599 1554 779 1634 tepefactum
801 1557 832 1614 in
856 1572 908 1614 cre
931 1560 1039 1613 teneat.

477 1806 589 1862 mn.
616 1805 777 1863 Dentioni
798 1804 994 1861 infantium.

279 1951 384 2014 tanus.
478 1941 588 2002 Dentes
616 1945 686 2020 equi
713 1945 764 2021 qui
793 1944 882 2022 primi
915 1942 1024 2002 cadunt
1051 1941 1161 2022 alligati

412 2029 529 2092 facilem
538 2030 709 2092 denticnem
718 2038 882 2110 praestant:
896 2031 1003 2091 melius
1013 2033 1038 2090 si
1048 2038 1160 2092 terram

279 2129 383 2192 18359.
412 2139 471 2180 non
487 2127 616 2198 tangant.
645 2119 720 2179 lacte
735 2121 855 2198 caprina
867 2127 917 2180 aut
932 2119 1065 2198 leporina
1077 2137 1159 2180 cere·

278 2217 383 2280 utute
412 2207 489 2268 hello
503 2210 636 2287 gingivae
647 2208 856 2286 perfricantur.
880 2207 1010 2286 delphini
1025 2206 1160 2269 dentium

413 2298 487 2355 cinis
511 2313 578 2355 cum
603 2296 688 2355 melle
712 2297 837 2376 gingivis
864 2295 1012 2378 inlinitur,
1041 2303 1071 2356 ct
1093 2298 1160 2357 eius
1174 2306 1206 2346 2⁰

311 2385 347 2440 ib.
413 2383 500 2443 dente
520 2384 653 2461 gingivae
675 2390 844 2462 tanguntur.
873 2385 1001 2445 cundem
1020 2385 1159 2446 ellectum

279 2481 383 2544 annau.
411 2469 522 2531 habent
540 2471 644 2532 dentes
664 2472 821 2532 caniculae.
855 2471 1013 2533 cerebrum
1036 2474 1161 2553 pecudis

412 2562 442 2619 in
467 2558 532 2619 cibo
557 2558 652 2619 datur.

216 2805 230 2852 1
251 2799 364 2872 arcuulp
378 2801 428 2869 qd.
454 2802 457 2867 Ι
482 2799 512 2855 in
530 2802 605 2856 testa
623 2802 707 2869 (testo
725 2818 749 2858 c.
765 2803 781 2858 l.
799 2801 868 2870 Pl.):
888 2800 918 2854 in
935 2803 1010 2856 testa
1029 2801 1161 2856 candenti

146 2871 237 2924 Marc.
258 2871 333 2937 (haec
350 2872 382 2942 in
399 2871 441 2939 qd
463 2873 613 2927 trahuntur
632 2873 669 2926 ad
682 2874 834 2941 sequentia,
853 2888 914 2926 cum
931 2873 1030 2940 quibua
1044 2872 1161 2939 consuta

143 2945 209 2994 eunt
227 2941 258 2994 in
276 2957 311 2994 r.
375 2944 392 2993 2
411 2939 502 2996 indita
520 2944 546 2998 d.
611 2949 627 2998 8
646 2943 698 2997 teli
717 2942 814 2998 bubuli
833 2942 915 3012 (Pit
935 2942 994 2997 albi
1011 2942 1091 2997 bulbi
1108 2959 1160 3013 pr,

144 3010 224 3066 albus
242 3011 291 3092 ltul
310 3008 321 3064 i
339 3009 366 3066 d.
448 3012 614 3068 edentibus
638 3013 744 3068 fritium
769 3014 845 3069 eslr
872 3014 956 3082 (mede
974 3018 999 3068 et
1021 3014 1077 3084 bl).

145 3079 1090 3153 11redrcem...decoqueetdiu9r:radix...deeocte.diud.

930 3167 954 3197 0!
1009 3175 1011 3180 ·

145 3211 177 3260 13
202 3203 375 3260 rumusculus
401 3209 464 3259 ante
486 3207 537 3274 ipe.
561 3223 629 3263 corr.
648 3223 674 3276 p.
739 3213 773 3261 14
791 3209 847 3262 tres
866 3224 897 3276 9:
922 3229 964 3263 111.
983 3209 1002 3262 d
1025 3208 1108 3276 (teres
1124 3209 1160 3278 r).

146 3277 148 3345 l
166 3276 195 3330 iu
215 3276 302 3331 ollam
320 3273 410 3330 micul
424 3293 454 3345 9:
474 3275 504 3330 in
522 3276 580 3331 olle
597 3277 693 3352 mittes
708 3278 735 3335 d.
792 3283 825 3332 15
844 3279 982 3348 decoques
1001 3279 1060 3347 (sic)
1074 3279 1123 3347 qd.

144 3347 185 3401 tit.
218 3346 351 3403 Dcntioni
375 3346 528 3402 infantium
554 3363 584 3417 p:
612 3349 657 3416 Ad
685 3348 846 3404 dentionam
873 3348 1024 3404 infantium
1052 3350 1078 3406 d.

145 3422 177 3470 17
197 3419 297 3473 melius
314 3435 363 3488 pr:
383 3418 483 3474 Melius
503 3420 546 3472 est
564 3419 590 3474 d.
652 3424 685 3473 18
704 3418 826 3474 cerbello
840 3436 864 3489 p.
925 3425 958 3474 tt
973 3419 1000 3474 d.
1015 3419 1160 3474 caniculae

145 3486 251 3542 habent
268 3489 294 3543 d.
320 3494 324 3559 Ι
349 3490 536 3546 cerebrum-
547 3488 631 3544 datur
647 3507 697 3560 ur:
716 3505 766 3547 om.
786 3491 812 3544 d.
