2588 3886
541 179 784 244 ,ΞΜ-

332 380 436 440 nvn.
468 385 518 439 De
540 395 639 440 nuce.

182 493 246 551 Gal·
336 500 404 562 Nux
427 501 530 562 viridis
549 508 653 581 utpote
673 500 769 562 adhuc
793 501 955 578 aquaticris
979 503 1095 562 umoris
1117 503 1183 580 sty-

269 592 349 670 ptica
373 597 404 650 et
422 588 529 667 frigida
552 591 662 650 virtute
686 595 837 650 censetur.
872 596 972 668 potest
995 589 1125 668 denique
1149 597 1183 649 et

165 571 268 623 VI,610.

193 724 232 778 Pl
268 676 419 738 stomacho
443 677 553 756 aliquid
577 678 687 756 vigoris
714 677 872 758 adquirere
897 684 927 737 et
949 684 1086 738 ventrem
1107 695 1180 738 cum

174 764 253 862 aaut
268 784 338 845 garo
363 773 481 844 sumpta
496 765 628 832 mollire.
656 783 749 826 nuces
769 767 865 826 siccae
886 765 962 826 duae
983 783 1053 827 cum
1071 767 1181 826 caricis

173 867 255 936 (149).
270 853 385 915 duabus
404 861 435 914 et
453 855 557 933 viginti
574 862 659 915 rutae
679 853 758 914 loliis
772 853 872 914 addito
887 853 956 914 salis
974 871 1068 932 grano
1089 853 1211 915 simul⁵

271 950 482 1004 conteruntur:
512 942 602 1004 nullis
624 944 747 1004 venenis
774 943 903 1022 opprimi
929 944 1040 1022 poterit
1067 961 1104 1003 ea
1133 944 1181 1004 die

268 1048 326 1111 qua
358 1033 484 1110 quisque
516 1033 635 1093 ieiunus
668 1033 824 1110 acceperit.
868 1031 948 1091 inter
974 1029 1117 1092 kalendas
1151 1039 1182 1092 et

205 1116 226 1157 *’
265 1119 334 1180 idus
360 1119 447 1180 iulias
471 1127 592 1180 centnm
618 1137 745 1181 numero
772 1137 866 1180 nuces
893 1121 993 1180 statim
1016 1127 1051 1180 ut
1077 1119 1182 1181 arbori

268 1208 403 1287 demptae
436 1215 506 1268 sunt
537 1209 651 1268 cortice
682 1207 861 1269 adhaerente
894 1216 1081 1287 quassantur.
1133 1208 1180 1269 his

268 1296 469 1357 admiscentur
498 1296 635 1357 aluminis
663 1299 749 1357 scissi
776 1296 869 1357 librae
896 1303 958 1358 tres
985 1304 1017 1357 et
1043 1299 1076 1357 in
1100 1315 1179 1358 novo
1193 1309 1220 1348 10

267 1384 351 1446 llotili
372 1402 442 1446 vaso
464 1393 626 1465 ponuntur.
673 1385 860 1465 superhaec
887 1385 1088 1447 intunduntur
1121 1385 1179 1446 olei

267 1472 339 1534 boni
361 1473 454 1534 librae
482 1481 544 1536 tres
568 1481 599 1535 et
621 1473 778 1553 diligenter
801 1476 833 1534 in
860 1474 926 1535 loco
949 1491 1046 1552 neque
1067 1474 1179 1564 umido

268 1580 366 1641 neque
389 1564 514 1624 nimium
533 1565 612 1624 sicco
632 1561 809 1624 obruuntur.
846 1569 915 1642 post
933 1564 1094 1642 nonaginta
1113 1563 1178 1624 dies

267 1649 380 1711 dabunt
415 1650 515 1713 oleum
550 1651 630 1730 quod
666 1651 822 1712 fluentium
860 1651 1033 1731 capillorum
1070 1651 1177 1712 damna

267 1740 413 1799 restituat.
1191 1753 1218 1794 ιε

269 1987 348 2043 tritae
363 2001 424 2044 cum
441 1985 521 2044 melle
537 1983 636 2044 ieiunis
658 1986 838 2045 tussientibus
854 1987 932 2044 datae
948 1995 1073 2061 prosunt.
1107 2003 1175 2061 aqua

184 2131 185 2136 ,
255 2072 295 2128 '‘ln
318 2088 372 2148 que
386 2077 481 2128 coctae
503 2070 607 2128 luerint
628 2069 707 2128 datur
722 2071 847 2129 coeliacis
869 2071 1047 2146 dysentericis
1070 2080 1099 2128 et
1113 2089 1174 2129 san·

267 2156 379 2230 guinem
402 2157 591 2231 expuentibus.

640 2237 801 2247 —----——

334 2289 382 2340 De
400 2289 532 2342 boleno.

192 2368 249 2438 (⁸⁵)
331 2379 491 2436 Balarorum
518 2381 630 2456 glandes
652 2381 752 2438 virides
778 2381 932 2454 stringunt,
960 2389 1053 2438 coctae
1075 2383 1172 2439 minus.

267 2465 479 2542 indigestionem
502 2465 612 2522 iaciunt.
650 2465 752 2523 llusum
775 2481 881 2523 omnem
904 2466 1104 2540 constringunt.
1183 2483 1210 2523 ro

192 2635 266 2703 (llll
331 2637 476 2714 luglandes
499 2654 583 2695 nuces
605 2638 740 2695 rotundae
754 2637 852 2695 virides
875 2645 972 2711 utpote
986 2638 1073 2696 adhuc
1094 2655 1172 2714 aqua·

269 2723 346 2779 tioris
366 2725 505 2796 humoris,
533 2723 665 2798 stypticae
687 2730 715 2779 et
742 2721 856 2797 trigidae
878 2723 985 2780 virtutis
1007 2730 1080 2782 sunt.
1117 2733 1170 2780 sto·
1272 2781 1273 2784 ,

233 2963 246 3010 1
266 2959 366 3026 utpute
384 2975 409 3029 g.
427 2962 546 3030 {utpote
563 2959 696 3030 aquatica
713 2959 829 3030 stiptice
846 2963 893 3015 etc.
912 2961 938 3015 d.
956 2962 960 3028 l
977 2957 1069 3014 adhuc
1087 2974 1136 3014 one
1153 2961 1169 3014 t.

196 3026 330 3084 tPotest
346 3031 439 3102 gelde
457 3030 560 3086 Potens
578 3033 622 3087 rb.
678 3030 859 3101 Bsdqnirere
876 3032 986 3102 good).
1046 3029 1173 3085 ancee
1272 3065 1273 3096 3

160 3101 256 3154 eutem
274 3115 295 3156 s.
313 3101 359 3155 rb.
415 3107 493 3157 dxx.
513 3103 552 3156 cl.
570 3105 574 3170 Ι
590 3119 615 3158 a.
634 3118 721 3172 grano
739 3101 806 3156 selis
824 3103 851 3156 d.
902 3099 1076 3170 dnnllisque
1094 3101 1136 3156 rb.
1272 3102 1273 3116 ¹

162 3176 177 3224 7
197 3169 223 3224 d.
243 3185 300 3240 qna
317 3172 436 3242 quisque
454 3173 544 3241 pald:
568 3172 595 3228 d.
614 3173 739 3243 quisquis
755 3173 801 3227 rb.
828 3175 832 3242 Ι
857 3172 992 3228 kalendas
1010 3188 1040 3241 g,
1063 3170 1097 3224 kt
1113 3188 1144 3226 u·

161 3245 177 3294 8
194 3240 278 3296 inlice
295 3257 325 3314 g:
344 3241 388 3297 inl
404 3259 434 3312 c,
448 3242 514 3298 ¹iulii
534 3244 642 3312 ld(rb).
711 3249 744 3298 10
763 3243 842 3298 scissi
859 3243 972 3313 poten:
992 3240 1089 3297 soluisti
1106 3241 1167 3312 ab!
1272 3271 1273 3280 κ

159 3309 209 3367 hb.
229 3333 271 3368 111.
289 3315 344 3384 put
362 3315 459 3384 (libres
478 3335 527 3368 ,ιιι
546 3315 584 3383 d).
602 3317 607 3382 Ι
626 3313 656 3367 in
674 3331 700 3367 n.
720 3330 786 3370 vase
804 3314 886 3369 fictili
903 3316 931 3370 d.
987 3319 1020 3368 11
1038 3329 1106 3368 vcro
1122 3329 1169 3382 go:

159 3398 225 3438 vase
243 3384 353 3456 ldtrb).
379 3389 384 3449 1
408 3384 602 3440 diffunduntur
624 3385 664 3440 td.
733 3389 767 3438 12
789 3383 839 3440 hb.
859 3405 901 3440 111.
920 3386 1005 3456 gold.
1030 3385 1035 3456 Ι
1059 3384 1089 3438 in
1112 3384 1167 3440 loco
1272 3395 1273 3446 ἦ

159 3453 282 3581 htffdl
295 3455 321 3512 d.
378 3463 411 3512 13
429 3455 518 3512 nimio
536 3457 562 3511 d.
627 3461 660 3509 14
678 3455 801 3526 dampnat
818 3457 844 3512 d.
887 3461 938 3512 ‘15
957 3454 1089 3512 restituet
1105 3455 1169 3526 pld:

160 3554 170 3565 ·
245 3541 290 3581 r.
