2640 3884
509 147 751 212 -143-

121 328 159 375 ex
178 321 264 373 aceto
279 319 381 372 coctae
395 317 426 370 et
439 311 584 388 inpositae
600 310 739 372 duritiam
753 311 840 372 lienis
857 313 1034 394 infringunt,
1097 373 1101 384 ,

119 401 244 463 scabros
267 417 384 479 ungues
407 398 548 502 levigant,
576 399 676 460 ulcera
703 402 858 461 iumento
882 403 1034 462 nascentia

118 493 315 571 extinguunt,
341 491 372 549 in
396 489 464 547 vino
488 496 588 548 coctae
617 495 648 549 et
675 491 821 568 inpositae
851 496 980 550 strumas
1004 497 1034 550 et

117 577 273 660 parotidas
300 583 417 656 sanant,
449 578 646 656 gargarizatae
676 577 810 639 dolorem
838 577 973 639 dentium
1001 585 1031 638 et
1044 571 1139 630 D20⁸⁶

90 682 196 730 turae
214 675 364 729 tumorem
382 666 531 770 mitigant,
553 672 640 744 potae
660 669 834 771 auruginem
854 675 1068 746 expugnant.
1042 647 1130 712 2140

120 756 243 836 quidam
265 760 372 834 putant
399 755 494 832 ipsam
521 754 652 814 radicem
676 757 701 814 si
729 754 804 815 collo
833 754 1075 874 suspendatur
1065 751 1121 818 (at)-

121 845 236 906 scrofas
260 845 372 922 fugare.
1033 819 1139 888 Dim)

189 991 300 1048 vnn.
332 992 381 1046 ne
403 989 498 1046 cmo
828 963 830 968 ’
1067 997 1112 1054 Pr.

190 1091 376 1162 Quibusdam
403 1089 470 1152 bliti
492 1098 598 1151 natura
624 1092 705 1152 iners
730 1100 760 1151 et
784 1093 848 1152 sine
872 1110 1033 1154 acrimonia
1043 1074 1086 1138 ²⁰
1088 1073 1130 1126 ⁹³

119 1183 185 1242 risa
200 1188 254 1242 est.
291 1187 427 1240 ventrem
441 1197 536 1258 usque
552 1179 588 1240 ad
607 1179 756 1240 choleram
770 1180 948 1260 plerumque
963 1200 1032 1242 con-

76 1285 106 1326 ιο
120 1269 253 1332 turbant.
298 1267 494 1349 Hippocrates
506 1271 683 1371 'praecepit
714 1269 752 1330 ad
783 1270 914 1331 sistenda
943 1272 1033 1332 nimia

120 1366 277 1419 menstrua
300 1358 477 1418 feminarum
504 1375 536 1417 ιιι
564 1356 631 1417 cibo
660 1356 780 1418 dandos
822 1358 896 1420 clavi
922 1359 1034 1438 pedum

119 1448 251 1526 inposito
275 1465 310 1506 eo
333 1445 430 1506 limari
449 1453 479 1526 et
502 1447 658 1525 comprimi
677 1446 849 1508 creduntur.
888 1465 978 1508 sucus
997 1466 1034 1508 ex

120 1537 191 1596 vino
230 1533 316 1596 datus
332 1601 336 1610 ,
352 1519 467 1595 utiliter
503 1533 660 1602 adversum
692 1537 883 1615 scorpionum
920 1554 1033 1597 venena

120 1626 245 1684 resistit.
287 1623 407 1702 quidam
434 1630 540 1703 putant
567 1624 656 1683 etiam
678 1625 776 1703 ipsum
800 1627 904 1686 tritum
932 1632 963 1686 et
989 1627 1033 1684 in-

80 1727 109 1768 15
122 1715 256 1792 positum
278 1712 373 1791 plagis
397 1711 518 1772 mederi.

189 1907 327 1982 lapatium
350 1907 521 1962 hortensium
543 1907 599 1963 sive
621 1923 717 1963 rumex
739 1909 839 1966 calidae
862 1917 889 1965 et
911 1917 1034 1964 austerae
1053 1910 1110 1979 (at)

121 1994 232 2050 virtutis
248 2000 299 2053 est.
336 1993 365 2048 in
385 1990 445 2047 cibo
466 1998 604 2065 sumptum
625 2001 746 2048 ventrem
767 1994 906 2068 reprimit,
929 1995 1034 2048 urinam

122 2085 272 2153 provocat,
297 2083 405 2134 ructum
427 2077 543 2146 excitat,
566 2077 735 2132 stomachum
751 2077 897 2134 conlortat.
928 2077 956 2132 in
971 2078 1033 2132 vino

122 2170 232 2220 coctum
255 2163 348 2219 tritum
371 2171 487 2217 strumas
503 2167 531 2215 et
552 2159 690 2233 parotidas
706 2167 796 2225 curat,
821 2169 849 2217 et
872 2177 966 2217 omnes
991 2169 1033 2217 tu-

82 2260 110 2301 ro
124 2264 217 2304 mores
239 2247 354 2321 spargit.

189 2383 277 2440 Blitus
291 2387 419 2440 virtutem
436 2381 516 2439 habet
533 2383 657 2458 frigidam
673 2391 701 2440 et
723 2383 899 2458 glutinosam.
930 2387 957 2441 iu
973 2384 1033 2442 cibo
1053 2380 1109 2448 (33)

123 2471 287 2544 frequenter
308 2477 434 2543 sumptus
457 2469 625 2526 stomachum
649 2471 747 2526 evertit
769 2477 797 2525 et
818 2470 910 2526 colera
932 2477 1032 2525 movet.

124 2555 190 2612 lolia
213 2553 272 2610 eius
296 2555 358 2610 trita
380 2554 407 2608 in
431 2555 604 2626 scorpionum
628 2555 698 2611 lctus
721 2554 816 2628 ponito
839 2562 950 2610 etcum
972 2554 1033 2608 vino

124 2647 201 2714 pota.

197 2864 211 2912 1
231 2855 342 2928 positae
360 2858 404 2912 rb.
421 2856 599 2926 {infringrmt
615 2858 682 2926 got:
702 2857 882 2927 confringunt
899 2856 944 2910 rb.
995 2860 1011 2908 2
1030 2854 1143 2910 scabros

123 2930 212 2999 polo:
205 2928 371 2983 ·.sorobesr
388 2928 571 2997 {ulceraeqoz
565 2927 837 2998 Uvulnerapotpo)
856 2929 921 2982 iaec
933 2941 1013 2996 saepe
1026 2931 1052 2981 et
1065 2928 1143 2996 opud

122 3001 275 3144 mirina
279 2999 573 3141 ἕωίῖἓιιιςιιίιὼιιιθέιῖζ
580 2999 944 3156 ιαίιξιαξξῖζόὶιεννιιιίᾚθπὲ
957 3004 1142 3138 svdspendadxl

161 3149 176 3198 *1
202 3140 308 3198 scrofas
324 3157 363 3210 qo
378 3146 410 3210 (r,
430 3142 511 3210 phas
529 3141 569 3209 b).
597 3141 742 3211 glandesl
765 3137 916 3210 (χοιράδας
934 3142 975 3195 ait
993 3140 1040 3208 D„
1063 3145 1096 3193 ut
1117 3144 1143 3194 et

123 3231 213 3284 surpra
231 3215 370 3280 strumus).
415 3213 458 3267 tit
477 3212 544 3266 blitt
545 3213 593 3267 ol
641 3211 790 3268 ablittit.
826 3161 966 3267 pecctore
983 3183 1057 3281 pud,
1077 3210 1141 3265 cho·

123 3286 211 3342 leret.
250 3290 284 3340 10
298 3283 480 3367 yppplliypo-
470 3283 643 3353 -dcmtesp,
657 3283 838 3366 ypocroteso.
855 3285 859 3352 1
875 3282 1048 3352 Hippocrate
1062 3296 1141 3349 proo-

125 3355 305 3441 cipienterb
321 3354 579 3424 inimisqvtdo'e
598 3354 746 3410 omnia..rb
784 3361 815 3409 11
831 3353 1012 3408 dandumrb
1035 3356 1143 3477 ίἔιιᾱιιθό

124 3426 227 3553 lrhprrprp·
237 3425 458 3567 ppdperslpplaarp,
465 3425 767 3614 ,ιέἀνὲξιιξιὴῑιέῗιιόἷὸ
778 3503 812 3552 14
821 3423 1087 3562 ddsrgt'idzupscddlom
1097 3494 1141 3551 rb
