2588 3886
566 157 808 220 „206-

289 320 418 380 excitare
442 318 607 380 creduntur
629 318 775 380 tardiores
798 319 834 379 ad
859 337 932 382 usus
955 323 1093 382 veneriae
1116 321 1196 382 volu·

214 398 260 455 Pl·
287 409 392 486 pestis
418 409 503 486 ipsae
518 408 624 488 pineae
644 425 713 468 cum
730 409 829 468 resina
853 399 941 487 quiam
960 417 1070 488 gerunt
1092 417 1196 471 tunsae

189 475 318 556 eedem
338 495 462 575 singulis
480 497 617 556 sextariis
636 491 773 576 (anetae)
793 495 828 556 ad
849 497 1005 558 dimidium
1025 497 1197 576 decoquun-

287 591 352 644 tur:
382 600 419 644 ex
446 602 482 644 eo
505 583 625 644 cottidie
653 583 740 646 hinos
763 583 883 646 haurire
911 586 1032 667 cyathos
1057 603 1196 647 excrean-

287 671 367 734 tibus
382 674 556 754 sanguinem
575 671 703 733 salutare
723 681 776 734 est.
806 681 909 735 cortex
923 673 1040 736 arhcris
1053 674 1197 736 decoctus
1210 692 1224 732 s

285 762 317 821 in
340 763 409 822 vino
433 761 668 821 efficacissimam
695 763 848 840 potionem
871 769 974 822 contra
997 765 1113 824 ventris
1137 771 1196 824 tor·

287 851 367 910 ntina
391 848 605 910 subministrat.

352 1084 491 1141 Lvtm.
522 1046 572 1141 De
595 1087 717 1154 myxis.

353 1219 385 1280 ld
414 1237 541 1299 namque
569 1222 725 1284 manifeste
753 1223 895 1302 stypticaa
924 1211 1043 1284 uirtutis
1072 1234 1194 1303 apparet

251 1349 253 1353 -
287 1316 316 1369 et
338 1307 477 1390 trigidae,
505 1312 638 1386 quamvis
661 1309 823 1390 plurimum
845 1310 903 1373 illis
926 1310 964 1370 de
986 1313 1086 1390 rigore
1110 1315 1193 1374 sicci-

288 1629 375 1686 maehi
397 1629 520 1686 dotorem
549 1629 658 1686 tollunt.
695 1629 843 1702 palmarum
867 1629 942 1687 ethus
969 1633 1056 1688 nutrit
1080 1649 1188 1709 corpus.
1202 1647 1224 1686 ro

245 1752 251 1764 .
286 1720 412 1788 ,recentes
433 1729 559 1770 somnum
574 1714 693 1786 faciunt,
716 1721 804 1772 tamm
820 1715 913 1788 capitis
936 1714 1058 1772 dotorem
1074 1725 1191 1776 movent.

245 1843 250 1853 .
289 1797 334 1869 qui
358 1787 422 1852 sunt
444 1797 509 1854 sicci
525 1797 666 1854 stomacho
684 1800 818 1874 commodi
840 1807 952 1880 sputum
966 1801 1107 1874 sanguinis
1128 1817 1191 1858 con·

285 1889 400 1952 pessunt
421 1882 450 1937 in
472 1880 531 1937 cibo
560 1883 676 1955 sumpti:
706 1891 754 1939 aut
780 1884 803 1938 si
825 1899 920 1939 eorum
944 1883 1132 1942 decoctionem
1153 1883 1189 1940 bi·

284 1962 357 2022 bant.
400 1967 457 2022 triti
483 1983 543 2022 cum
567 1966 678 2037 mastico
703 1967 844 2032 stomacho
866 1967 984 2040 adpositi
1005 1967 1143 2029 detectum
1164 1978 1190 2026 et

282 2049 411 2108 sudorem
426 2050 538 2112 nimium
552 2050 664 2110 tollunt.
695 2066 757 2114 ossa
771 2068 867 2108 eorum
887 2052 1030 2110 combusta
1053 2055 1117 2110 trita
1131 2071 1189 2112 oum
1201 2071 1223 2110 m

284 2134 363 2208 galtis
379 2143 407 2191 et
428 2136 536 2209 granati
556 2137 620 2200 sicci
635 2135 736 2198 cortice
759 2137 918 2210 sanguinem
933 2135 967 2192 de
982 2136 1090 2206 naribus
1106 2137 1190 2194 duen-

285 2225 339 2275 tem
360 2219 470 2276 sistunt.
501 2219 655 2288 membrana
670 2236 739 2294 quae
754 2213 863 2278 ossibus
886 2221 1009 2278 inhaeret
1025 2223 1109 2280 scissa
1122 2221 1189 2280 labia

284 2301 464 2376 conglutinat.
506 2303 669 2368 carbonibus
692 2303 819 2379 fumigati
845 2305 992 2361 extrahunt
1012 2316 1132 2379 partum.
1160 2305 1189 2361 ht

284 2402 317 2442 ex
339 2387 378 2442 eis
402 2385 577 2460 emplastrum
600 2387 742 2445 mirificum
766 2389 839 2463 quod
861 2387 1006 2446 diafioicon
1024 2390 1186 2464 appellatur.

212 2473 246 2527 P.
284 2477 378 2528 cortex
393 2471 451 2526 eius
468 2470 545 2527 viridi
561 2479 590 2528 et
611 2481 689 2528 tener
708 2481 807 2529 tunsus
828 2489 888 2530 cum
910 2475 998 2530 resina
1014 2481 1042 2530 et
1056 2491 1118 2531 cera
1133 2476 1187 2549 pari
1199 2495 1222 2535 so

185 2549 271 2612 23,53.
282 2555 404 2631 pondere
424 2554 566 2612 contectus
582 2556 673 2613 ulcera
690 2552 850 2634 [innervis]
871 2567 898 2615 et
914 2574 1008 2632 psoras
1025 2558 1145 2617 desiccat
1162 2569 1187 2616 et

245 2863 409 2918 tveneriae
426 2865 480 2934 oet
498 2864 546 2932 (ad
563 2883 629 2919 usus
646 2863 773 2920 venerios
791 2866 833 2934 d)=
862 2881 938 2920 -reee
956 2867 1001 2921 rb.
1071 2867 1184 2939 21psae
1272 2881 1273 2932 t

173 2949 240 2988 vero
249 2951 277 3003 p.
292 2934 336 2988 rb.
353 2937 357 3002 Ι
372 2937 471 2990 tunsae
484 2933 515 2988 in
527 2935 659 3004 singulis:
686 2936 785 2992 tunsae
800 2938 829 2991 et
842 2936 877 3003 (dt
889 2939 917 3007 9)
936 2938 966 2992 in
984 2935 1103 3006 singnlis
1124 2939 1185 3008 (siu-
1272 2979 1273 2982 ,

173 3003 234 3074 guli
251 3006 279 3074 9)
297 3005 388 3074 qaid,
407 3007 489 3060 tusae
506 3005 682 3076 singuleein
695 3006 813 3078 singulis
827 3008 864 3062 rb
883 3006 999 3077 (additis
1017 3007 1048 3063 in
1062 3009 1185 3080 singulas
1272 3071 1273 3074 Ἰ

173 3075 290 3145 ungulis
305 3074 431 3130 sextariis
449 3093 539 3146 equae
559 3077 656 3146 Pete).
711 3084 727 3132 3
746 3094 837 3147 equae
855 3095 888 3133 ecc
908 3079 966 3133 Pe:
986 3095 1037 3132 om.
1055 3080 1184 3149 ytdtrt).

208 3152 226 3201 4
244 3163 279 3202 ex
297 3162 343 3202 eo:
362 3162 460 3216 exquo
473 3165 490 3202 r
504 3149 570 3216 (ooo
584 3149 618 3216 b).
641 3151 645 3213 1
666 3148 783 3204 cottidie
795 3166 825 3219 9:
842 3149 945 3205 cotidie
958 3150 1020 3204 oid.
1038 3153 1043 3216 Ι
1059 3150 1148 3206 oietos
1160 3167 1183 3220 9,
1272 3171 1273 3192 t

173 3219 269 3288 cystos
288 3234 318 3273 e:
338 3219 430 3272 oratos
449 3219 509 3289 (sic)
524 3219 565 3273 td.
616 3224 632 3273 t
652 3221 851 3290 (cortem-(7)
869 3222 913 3277 htc
930 3236 980 3276 om.
996 3221 1015 3276 d
1033 3222 1091 3290 (scd
1108 3222 1184 3276 hehet
1272 3271 1273 3298 ¹

173 3289 256 3346 initio
274 3305 334 3358 cap.
354 3289 388 3344 de
405 3289 513 3360 mecm).
547 3288 649 3346 Cortex
667 3293 763 3346 autem
780 3307 805 3346 e.
825 3293 885 3347 rh.⁴
948 3295 963 3346 t
982 3291 1184 3347 sumministret

173 3359 214 3414 td.
282 3361 323 3416 tit.
352 3358 493 3416 Dominis
515 3377 546 3430 9,
573 3361 616 3416 De
634 3360 778 3432 miyxiso.
848 3368 864 3418 8
888 3363 921 3418 Id
939 3378 1059 3432 namque
1078 3380 1116 3417 m.
1133 3363 1183 3433 ool
1272 3391 1273 3396 κ

173 3431 238 3498 (emt
253 3432 351 3487 etcum
368 3448 392 3486 o.
409 3434 513 3502 8-e):
533 3431 566 3486 Id
583 3447 696 3502 nanque
711 3449 798 3503 genus
812 3451 849 3490 m.
863 3434 907 3489 rh.
925 3436 930 3502 l
945 3452 972 3490 v.
987 3449 1047 3488 esse
1060 3449 1126 3504 epp.
1139 3434 1181 3488 rt.

209 3501 301 3558 snus
320 3503 385 3572 eet:
403 3502 447 3556 tut
466 3504 510 3559 re.
1272 3503 1273 3514 '
