2654 3878
511 209 730 275 -95-

177 411 288 470 m.
311 410 365 468 Ad
387 411 602 484 hydropicos.

176 529 318 611 Lapidem
340 539 474 612 gagatem
497 531 677 613 hydropicus
707 537 734 596 si
752 549 860 599 secum
932 542 948 575 *

107 627 210 698 portet
243 619 427 682 liberabitur.
473 624 601 684 vomitus
633 625 732 686 canini
762 627 860 687 ventri
886 637 991 700 soros.

107 708 285 770 inlinuntur.
321 709 441 772 sablone
472 709 566 781 calido
589 713 703 772 marino
727 711 858 776 obruun·
885 727 973 789 man.

107 804 167 860 tur.
223 799 363 877 spongiae
404 799 484 860 afrae
520 802 617 861 siccae
658 808 857 880 apponuntur.
885 813 991 877 31128.

82 886 202 967 andepo
232 886 364 966 delphini
400 887 529 966 liquatus
563 907 614 950 cx.
632 891 699 951 vino
735 889 857 971 bibitur,
884 903 991 967 22117.

106 983 232 1056 prepter
249 975 478 1055 graveolentiam
495 976 619 1040 naribus
642 976 788 1042 obturatis
806 988 858 1042 out

106 1071 261 1144 unguento
284 1067 396 1145 optimo
420 1067 515 1128 tactis.
553 1069 653 1128 cancri
680 1069 788 1130 marini
810 1068 857 1131 rel
919 1072 956 1128 ib.

106 1153 264 1215 lluviatiles
295 1155 327 1216 in
359 1154 426 1215 cibo
458 1172 494 1214 ex
529 1156 596 1216 iure
634 1152 855 1236 (sumuntur).

106 1242 198 1304 alium
224 1242 317 1304 viride
330 1246 415 1304 'cum
444 1243 501 1304 fico
530 1242 643 1324 duplici
669 1244 767 1306 alvum
791 1263 855 1306 eva·
884 1255 972 1321 20112.

75 1340 96 1379 1⁰
107 1339 184 1393 oum
222 1331 304 1392 scilla
326 1331 460 1396 subiecta
488 1330 605 1411 linguae
634 1335 714 1394 sitim
737 1352 854 1413 compe·
884 1345 972 1410 rope.

106 1421 172 1482 scit
210 1419 309 1480 suillae
338 1419 449 1482 bulbus
476 1427 622 1500 torretur,
650 1421 757 1483 deinde
785 1440 855 1501 pur·
884 1433 989 1497 211100.

107 1515 194 1588 gutur
226 1516 256 1570 et
287 1509 419 1572 medium
450 1511 515 1571 eius
542 1511 573 1570 in
605 1527 681 1588 aqua
708 1511 857 1592 coquitur,

108 1615 177 1658 oum
208 1597 359 1660 madidum
391 1605 438 1660 cst
469 1600 621 1680 eximitur,
657 1601 694 1660 e'x
728 1616 763 1660 eo
794 1606 856 1660 tros

109 1685 189 1748 oboli
210 1685 319 1748 dantur
340 1689 426 1767 potui
448 1705 485 1748 ex
507 1687 594 1750 melle
618 1695 648 1748 ct
670 1695 768 1750 aceto:
790 1706 856 1749 era·

15 1813 17 1850 ,
71 1781 96 1822 ¹⁵
111 1781 214 1834 cuatur
236 1793 291 1853 per
314 1777 439 1837 urinam.
476 1777 577 1856 sinape
601 1783 631 1836 ct
656 1776 731 1837 ficus
755 1783 785 1837 et
807 1796 855 1856 cy·
884 1786 988 1851 20227.

108 1864 222 1924 minum
251 1866 354 1944 aequis
383 1863 518 1944 partibus
545 1874 612 1926 tusa
638 1867 736 1926 venui
761 1866 855 1945 impo-

107 1958 230 2012 nuntur.
266 1953 341 2013 ficus
365 1955 460 2014 siccae
483 1960 655 2032 coquuntur
674 1962 705 2014 et
727 1972 764 2014 cx
786 1955 855 2014 vino
883 1963 988 2028 23123.

107 2048 137 2102 et
154 2037 311 2120 absynthio
330 2040 555 2124 suffunduntur,
578 2041 673 2102 larino
690 2041 856 2104 hordeacea

107 2127 207 2190 addito
234 2131 328 2192 nitro:
360 2133 458 2192 omnia
484 2133 516 2191 in
539 2147 633 2191 unum
656 2136 856 2190 conteruntur

69 2226 94 2266 20
107 2224 137 2279 ct
158 2219 201 2278 ita
223 2219 427 2298 imponuntur.
464 2218 533 2280 lolia
551 2219 641 2299 myrti
663 2220 695 2278 in
712 2219 782 2278 vino
805 2219 854 2278 do·
882 2229 987 2293 eston.

107 2313 192 2367 cocta
215 2313 413 2378 conteruntur
431 2315 461 2368 et
479 2325 515 2368 cx
534 2325 569 2368 co
588 2307 655 2366 vino
679 2305 738 2367 duo
758 2305 855 2387 cyathi

105 2397 191 2474 potui
214 2394 330 2458 dantur.
367 2397 482 2458 radices
507 2393 640 2457 sambuci
662 2397 694 2456 in
712 2397 780 2456 vino
804 2394 853 2457 de·
881 2406 969 2470 2112.

106 2490 278 2563 coquuntur
306 2492 336 2544 ct
366 2503 404 2544 cx
436 2485 540 2546 codem
567 2487 635 2546 vino
665 2483 725 2545 duo
757 2485 854 2565 cyathi

180 2748 194 2797 1
220 2743 348 2814 cegeiem
368 2760 399 2814 p,
426 2744 550 2828 gegeben
572 2745 599 2800 oi.
659 2749 675 2798 2
698 2744 794 2813 portat
815 2760 845 2815 9:
873 2740 1030 2814 portaverit
1050 2741 1120 2815 cibi

106 2813 427 2870 vomitus-inlinuntur
454 2813 612 2884 (illinuntur
635 2814 661 2882 b)
688 2815 740 2884 gb:
767 2814 876 2870 vomitu
900 2813 1000 2868 canino
1022 2815 1122 2870 venter

103 2882 226 2940 illinitur
243 2885 269 2942 d.
320 2891 336 2939 3
355 2885 469 2940 sablone
487 2886 607 2956 sperono
623 2883 740 2940 litorum
755 2885 823 2954 Pii:
842 2885 872 2940 in
891 2883 988 2942 nebulo
1003 2885 1039 2940 rb
1058 2886 1121 2956 (sub

104 2955 172 3010 Iove
186 2956 246 3026 br).
291 2954 400 3012 trime
418 2955 486 3010 affre
499 2957 526 3012 d.
573 2961 723 3026 tgravem'
741 2953 876 3011 olentium
889 2957 935 3012 dr.
987 2955 1121 3013 8111112-

103 3025 171 3082 tiles
190 3042 218 3081 r:
237 3025 285 3081 -lia
302 3027 356 3098 db,
375 3025 543 3097 flu<urcleo>
560 3027 593 3082 in
610 3043 665 3082 roo.
683 3036 730 3098 9⁰.
752 3029 757 3096 Ι
777 3029 923 3083 sumuntur
936 3044 964 3083 r:
984 3043 1034 3086 om.
1048 3029 1119 3100 gdb.

141 3102 158 3152 9
175 3096 230 3153 fico
247 3099 299 3168 pb:
317 3097 372 3153 ficu
390 3099 416 3154 d.
433 3101 438 3168 Ι
453 3097 549 3154 alvum
567 3099 686 3153 evacuet
698 3098 735 3152 rb
746 3097 827 3168 (Pl.):
846 3099 954 3154 malum
968 3101 1067 3156 evocet
1078 3100 1121 3172 gd

106 3168 142 3236 (ct
160 3169 197 3223 ai.
216 3167 283 3239 loco)
302 3169 327 3224 b.
383 3175 417 3225 10
436 3167 522 3224 Scilla
540 3167 653 3240 (Scillcc
670 3169 896 3254 g)—compercib
912 3171 963 3242 gb:
988 3187 1039 3227 om.
1057 3173 1085 3226 d.

106 3245 139 3294 13
168 3239 300 3308 eximitur
327 3255 377 3295 om.
397 3241 421 3296 b.
486 3246 521 3295 14
543 3235 615 3325 obili
636 3256 662 3311 9.
730 3245 764 3295 15
788 3240 921 3314 Serapem
947 3259 978 3313 9,
1006 3241 1048 3311 ·pi
1070 3241 1118 3308 cil

103 3344 189 3400 ficum
198 3346 247 3414 qd.
284 3351 318 3402 16
327 3345 496 3415 ponderibus
511 3346 568 3415 (ced
580 3362 668 3416 estora
679 3361 731 3402 eor.
746 3346 875 3417 partibus
933 3348 1002 3416 orb,
1018 3345 1074 3412 Pl.)
1091 3346 1119 3402 d.

141 3421 176 3470 18
195 3415 401 3484 subtenduntur
413 3432 438 3485 g.
485 3423 519 3472 12
537 3416 636 3474 addito
649 3415 723 3474 nitro
760 3418 789 3473 b:
808 3418 979 3485 eddiiolom.
993 3415 1120 3486 niir0)d,

105 3483 206 3568 eddiln
227 3487 257 3541 ci
278 3486 353 3542 nitro
370 3504 394 3542 r.
458 3494 493 3544 2ο
510 3434 755 3546 112111111νὶ1οέ
815 3495 848 3544 21
868 3489 923 3544 duo
946 3486 1119 3556 oyoiio(b):

106 3557 175 3611 cmii
193 3555 287 3612 duod
304 3559 344 3626 (11.
362 3560 401 3627 r),
420 3574 471 3613 om.
492 3558 538 3613 Pl.
592 3564 627 3613 22
646 3559 743 3616 sabuci
760 3575 785 3630 g.
