2654 3878
572 158 792 228 -,62-

437 323 518 402 ginis
541 320 587 382 vel
615 319 684 380 lolia
705 317 752 379 vel
779 315 895 379 radices
922 323 1009 396 potae
1037 333 1075 375 ex
1102 333 1200 396 passo

309 422 414 486 sante.
441 418 576 490 prosunt.
613 411 711 469 vesica
730 409 794 487 apri
816 409 847 468 in
867 406 933 467 cibo
952 404 1027 466 elixa
1051 407 1199 465 sumitur.

309 512 414 577 numu
442 499 553 578 leporis
580 515 669 558 renes
695 497 852 557 inveterati
881 497 913 556 in
940 496 1008 555 vino
1036 496 1101 573 poti
1132 493 1201 554 cal·

341 591 378 646 ib.
443 587 525 648 culos
548 586 671 667 pellunt.
707 585 835 664 ungulae
864 586 934 664 equi
963 584 1037 644 cinis
1062 600 1098 643 ex
1121 583 1198 642 rino

442 675 489 737 vel
512 693 588 755 aqua
610 673 731 736 bibitur.
1215 684 1236 725 5

509 875 635 932 xvm.
658 874 931 932 Incontinentiac
953 874 1082 932 urinae.

310 1003 415 1069 tamo.
509 993 627 1056 Verrini
641 995 777 1074 genitalis
796 995 928 1055 cinerem
947 1002 1051 1075 potare
1066 1011 1104 1054 cx
1121 995 1196 1055 vino

442 1083 523 1146 dulci
541 1090 672 1165 oportet,
690 1085 722 1144 in
740 1086 822 1145 canis
841 1082 937 1144 cubile
956 1085 1074 1145 urinam
1092 1083 1195 1144 iacere

441 1181 473 1235 et
499 1172 573 1234 hacc
601 1171 691 1233 rerba
718 1173 833 1254 dicere,
860 1190 897 1233 ne
924 1174 987 1252 ipse
1009 1173 1127 1232 urinam
1150 1172 1195 1232 ia·

341 1263 379 1320 ib.
442 1263 500 1323 ciat
523 1263 603 1322 siout
621 1263 703 1322 canis
725 1263 756 1322 in
776 1279 832 1322 suo
851 1260 951 1321 cubili.
977 1258 1107 1339 ungulae
1127 1262 1195 1339 apri

341 1351 378 1406 ab.
441 1349 487 1410 vel
515 1351 577 1411 suis
605 1351 680 1410 cinis
707 1351 822 1429 potioni
851 1351 1042 1429 inspergitur.
1079 1348 1193 1428 leporis
1209 1362 1243 1403 10

342 1439 379 1495 ib.
443 1437 602 1500 cerebrum
619 1442 651 1500 in
669 1441 738 1499 rino
757 1436 883 1519 bibitur,
907 1445 937 1498 et
956 1436 1090 1499 eiusdem
1107 1439 1194 1498 testi·

327 1537 414 1601 8054.
443 1526 503 1588 culi
524 1529 597 1588 tosti
619 1527 758 1589 eduntur.
794 1543 936 1588 anserum
958 1528 1051 1588 trium
1071 1526 1194 1604 linguae

341 1616 378 1673 so.
443 1633 525 1676 assae
548 1618 581 1675 in
604 1615 674 1688 cibo,
696 1623 863 1678 sumuntur.
901 1615 1019 1677 cocleae
1042 1614 1193 1698 africanae
1226 1673 1229 1678 ,
1315 1636 1321 1659 ·

443 1720 510 1764 cum
530 1721 618 1764 carne
638 1723 692 1764 sua
706 1703 923 1768 comburuntur
938 1705 1073 1784 cinisque
1088 1721 1194 1766 earum

442 1809 479 1851 ex
501 1793 568 1852 rino
592 1790 712 1853 bibitur.
755 1795 757 1798 ’
1202 1804 1238 1848 ,rs
1315 1796 1321 1829 ἱ

1315 1886 1321 1917 Ι

508 1991 652 2051 xvm.
674 1993 914 2062 verendorum
935 1977 1039 2050 vitiis.

327 2121 414 2183 cont.
509 2107 715 2174 Verendorum
736 2113 816 2173 vitiis
840 2113 865 2171 si
888 2111 1053 2171 formicatio
1077 2113 1116 2171 sit
1140 2120 1193 2172 aut
1240 2155 1243 2159 -

390 2235 392 2240 -
442 2216 580 2281 verruca,
608 2202 725 2261 arietini
747 2199 897 2280 pulmonis
921 2200 1018 2260 sanies
1044 2197 1191 2260 inlinitur.

341 2285 377 2341 ib.
442 2289 551 2346 ceteris
573 2289 653 2349 vitiis
676 2291 869 2350 arietinorum
890 2287 1034 2349 vellerum
1056 2287 1133 2348 cinis
1154 2305 1192 2348 ex

340 2373 377 2430 ab.
442 2390 531 2454 aqua,
558 2393 661 2436 sevum
679 2395 717 2437 ex
735 2384 854 2455 pmento
880 2375 1005 2455 pecudis
1028 2378 1192 2455 praecipue
1265 2423 1271 2432 .

443 2460 479 2522 ab
503 2462 626 2524 renibus
649 2458 777 2526 admixlo
800 2466 928 2544 pumicis
951 2466 1051 2525 cincre
1074 2473 1107 2525 ct
1130 2463 1192 2525 sale
1206 2479 1235 2520 so

286 2552 323 2609 ab.
341 2551 379 2609 to.
442 2551 618 2635 imponitur,
632 2551 698 2613 lana
712 2554 813 2615 sucida
828 2571 864 2614 ex
879 2570 955 2631 aqua
967 2552 1082 2632 frigida.
1120 2570 1192 2614 caro

208 2755 387 2839 'boemica
401 2773 428 2840 p.
502 2757 659 2840 tpellunt:
681 2758 796 2840 solvunt
818 2760 844 2815 ri.
917 2760 959 2815 tit.
982 2758 1193 2816 incontinentia

172 2842 268 2882 urinae
286 2845 316 2896 9,
335 2828 380 2882 Ao
397 2828 631 2884 incontinentiam
645 2845 724 2885 urme
738 2831 764 2884 d.
815 2836 830 2885 'l
851 2829 943 2885 cubile
960 2844 990 2904 με
1010 2829 1043 2884 -li
1056 2831 1101 2885 do
1112 2830 1191 2900 (Pl).

209 2937 225 2987 8
243 2930 332 2988 faciat
349 2932 458 2989 urinam
477 2935 503 2991 cl.
546 2940 561 2989 9
581 2934 655 2991 sicui
670 2951 700 3005 p:
720 2936 753 2990 ut
766 2937 806 2992 do
821 2936 897 3005 (Pl).
940 2940 975 2992 10
994 2951 1064 2991 cmm
1086 2952 1145 2990 suis
1162 2951 1191 3005 9.

194 3007 242 3084 ⁹1·ss
262 3019 324 3058 asse
341 3001 438 3074 lingue
452 3005 479 3062 ol.
505 3006 509 3074 Ι
534 3004 661 3075 haue:
680 3005 785 3076 lignlce
799 3024 822 3061 r.
873 3007 915 3062 tit.
934 3027 982 3063 xxr
995 3007 1192 3062 verendorum

173 3072 251 3129 vrtirs
260 3073 284 3128 si
292 3073 451 3130 formicatio
462 3075 500 3131 sit
508 3077 558 3132 ant
567 3092 699 3132 verrucae
708 3077 785 3133 rubr.
791 3092 841 3132 scr.
851 3093 870 3147 p
879 3077 934 3146 (Ad
942 3075 1077 3134 renuitis
1086 3076 1112 3132 si
1120 3077 1139 3132 l.
1150 3077 1192 3134 sit

172 3144 218 3200 vel
235 3146 423 3202 ramuselli.
439 3147 479 3216 b),
497 3146 542 3202 Ad
556 3147 741 3203 verendorum
758 3147 830 3220 uitia
844 3147 939 3204 omnia
952 3149 979 3206 d.
1007 3149 1120 3204 tinum
1137 3151 1188 3218 poi

172 3220 211 3272 est
227 3217 261 3271 iu
276 3232 295 3286 p
312 3215 351 3286 (b)
369 3232 403 3272 ecc
420 3217 481 3286 ipso
504 3222 580 3273 tectu
602 3219 714 3274 doctum
735 3217 822 3286 fuisos
834 3220 946 3288 primus
968 3220 1018 3290 poi
1035 3221 1191 3289 opponitur

173 3287 266 3344 Plinii
280 3289 354 3344 uuo
368 3288 443 3344 docet
457 3288 545 3357 (30,ἵὲ
555 3287 746 3345 verendorum
756 3289 998 3346 formicationibus
1007 3289 1133 3345 verrucis
1153 3306 1190 3346 ue

171 3360 300 3417 medetur
318 3357 432 3415 amelini
454 3359 596 3429 pulmonis
613 3359 729 3416 inassati
753 3360 857 3431 sanies,
882 3360 982 3418 ceteris
999 3359 1078 3416 vitiis
1101 3376 1137 3416 ve
1161 3377 1189 3415 e-

171 3445 233 3484 rum
253 3433 320 3501 ...)
412 3436 446 3486 16
469 3428 833 3488 verendorum—verruca
855 3433 955 3488 deiide·
976 3447 1010 3487 cc
1032 3432 1074 3486 tu.
1098 3431 1189 3501 p(b):

172 3513 222 3555 om.
241 3501 268 3557 d.
341 3507 376 3559 20
395 3500 531 3559 ammixtc
549 3516 574 3570 o.
601 3504 606 3570 Ι
629 3501 739 3572 punicis
758 3503 819 3573 (aio)
838 3503 864 3559 d.
1144 3531 1148 3538 ·
