2636 3874
525 195 745 259 -25-

128 365 196 419 ante
226 376 346 418 somnos
375 357 504 417 colluere
532 375 584 417 ora
615 364 738 436 propter
770 355 877 417 halitus

127 445 236 525 frigida
259 446 331 506 utile
355 446 435 506 dicit.
472 445 541 506 lolia
568 445 665 524 sagina
688 445 877 506 commandu-
906 455 992 518 24‚14.

128 543 236 595 cantur
272 534 414 596 adversus
450 537 635 613 gingivarum
667 542 697 594 et
732 533 877 596 labiorum

127 624 207 684 vitia.
245 641 338 702 aeque
357 623 426 683 lolia
444 622 513 683 ruhi
530 626 561 682 in
581 641 639 702 quo
655 641 737 682 mora
751 641 876 684 nascun·
905 631 1010 694 24,117.

100 720 188 772 ⁵tur.
226 711 360 772 eiusdem
388 714 506 790 generis
530 710 596 772 rubi
627 713 724 772 teneri
746 713 877 791 pampini
905 711 1094 784 24‚120(11t3.)

128 800 341 878 decoquuntur
354 819 390 860 ex
408 802 476 860 vino
491 800 526 860 ad
546 801 652 861 tertias
673 800 762 878 idque
776 802 878 860 vinum

127 891 232 949 inore
252 889 430 949 continetur.
467 889 567 950 ulcera
591 888 768 967 plantaginis
787 905 878 949 sucus
906 895 1009 961 25174.

129 977 281 1058 emendat,
314 985 344 1037 et
375 977 443 1037 lolia
473 979 538 1038 eius
571 983 669 1058 cocta,
702 977 877 1056 radicesque

129 1068 195 1125 eius
228 1066 494 1126 commanducatae.
543 1065 713 1127 membrana
750 1084 786 1126 ex
822 1084 877 1126 ovo
906 1074 992 1137 29,46.

88 1167 115 1207 10
130 1161 216 1214 coeto
244 1154 289 1214 vel
317 1155 410 1214 crudo
438 1154 569 1215 detracta
593 1154 739 1215 labiorum
762 1156 877 1214 fissuris

129 1242 275 1303 medetur.
326 1245 386 1302 oris
418 1243 541 1304 halitum
574 1244 711 1304 emendat
742 1245 879 1304 murinus
906 1251 993 1313 3027.

129 1333 206 1391 cinis
220 1349 288 1391 cum
307 1331 392 1392 melle
408 1331 547 1392 dentibus
564 1332 728 1393 infricatus,
761 1333 878 1410 linguae
940 1330 977 1384 ib·

129 1419 231 1480 ulcera
264 1428 295 1480 et
326 1419 472 1480 labiorum
507 1420 685 1480 hirundines
714 1439 749 1481 ex
782 1420 878 1480 mulso

129 1515 231 1568 coctae
251 1516 364 1570 sanant.
401 1509 492 1588 adeps
511 1510 668 1569 anserinus
687 1516 737 1569 aut
755 1508 878 1587 gallinae
941 1507 978 1560 ib.

87 1608 115 1648 ¹⁵
129 1598 221 1656 rimas
249 1597 394 1658 emendat.
436 1601 462 1658 si
489 1598 633 1657 ferventia
660 1615 694 1656 os
721 1599 802 1657 intus
830 1614 877 1656 ex·
941 1594 977 1650 ib.

129 1687 276 1766 usserint,
313 1688 454 1747 continuo
492 1694 613 1746 sanatur
648 1687 878 1765 gargarizatione

129 1773 215 1834 laetis
238 1775 344 1834 canini.
381 1774 523 1835 adversus
550 1775 695 1835 faetorem
722 1777 783 1834 oris
810 1774 879 1834 lolia
906 1779 1012 1845 25175.

130 1863 219 1940 myrti
252 1870 282 1922 et
314 1863 432 1923 lentisci
463 1865 527 1942 pari
559 1862 691 1942 pondere
725 1871 755 1923 et
787 1863 877 1941 gallae

130 1952 261 2029 syriacae
285 1951 439 2012 dimidium
457 1950 574 2031 pondus
599 1969 657 2011 nna
680 1953 738 2011 teri
760 1958 879 2030 oportet

89 2049 116 2092 so
131 2046 163 2098 et
185 2056 305 2118 aspersa
328 2041 396 2100 vino
419 2048 537 2100 vetusto
560 2041 706 2100 matutino
729 2039 877 2099 mandere.

131 2125 178 2186 vel
209 2126 336 2188 hederae
369 2127 458 2188 bacae
491 2146 560 2189 cum
593 2130 687 2188 cassia
719 2135 750 2187 et
780 2144 879 2204 myrra
941 2123 978 2177 ib.

130 2217 197 2294 pari
218 2216 350 2294 pondere
381 2234 502 2296 aspersa
525 2219 601 2276 vino.
639 2215 742 2276 eadem
764 2216 879 2274 ratione

130 2303 233 2363 ulcera
265 2307 326 2364 oris
355 2306 560 2366 emendantur.
606 2303 663 2363 hoo
695 2311 725 2363 et
757 2302 793 2362 ad
821 2309 879 2362 sto·

131 2391 269 2452 maehum
284 2395 408 2473 optime,
423 2393 475 2454 sed
490 2394 595 2456 melius
613 2409 766 2452 mororum
781 2390 880 2451 dome·
909 2400 1012 2463 aspen.

90 2491 116 2532 2⁶
131 2481 277 2540 stioorum
291 2473 411 2542 scutarii
425 2489 487 2541 tres
506 2481 565 2541 leni
584 2498 691 2558 vapore
711 2481 880 2559 decoquun-

203 2689 220 2737 2
235 2682 305 2738 dicit
317 2685 389 2754 prb:
404 2684 476 2739 dixit
490 2687 516 2740 d.
533 2685 537 2755 Ι
554 2686 812 2741 conmunducantur
827 2685 887 2752 (sie)
901 2699 926 2752 9.
977 2681 1110 2738 tritium
1121 2683 1146 2738 d.

167 2760 184 2808 8
204 2755 286 2808 cocto
303 2769 353 2810 om.
374 2755 420 2811 Pl.
446 2757 450 2824 Ι
476 2755 535 2810 eins
559 2772 609 2810 om.
633 2758 659 2812 d.
715 2762 731 2810 9
756 2753 1004 2809 commanducatae
1027 2753 1147 2821 ydros:

131 2825 361 2880 commasticatae
381 2827 405 2880 b.
479 2832 512 2880 11
536 2827 658 2881 halitum
679 2827 733 2895 pb:
761 2825 866 2879 vicium
889 2825 915 2878 d.
938 2825 943 2893 Ι
973 2822 1100 2879 murinus
1113 2855 1147 2864 —

132 2894 278 2950 minoratus
300 2897 339 2964 pb
364 2897 409 2964 (of.
433 2897 504 2951 idem
531 2911 564 2950 ea
589 2897 634 2953 Pl.
658 2897 768 2965 cupam:
796 2911 846 2950 oon.
870 2896 890 2949 d
917 2896 999 2965 (certo
1026 2896 1148 2962 ceaulin,

130 2971 163 3020 ut
180 2967 302 3031 mitetur,
321 2983 374 3035 quo
393 2966 448 3022 oris
461 2966 567 3022 vicium
586 2968 718 3023 emendat
731 2967 768 3022 ad
784 2967 883 3034 priora
899 2967 1036 3036 sardou).
1062 2971 1149 3022 totana

130 3037 279 3090 mandram
298 3052 348 3090 om.
367 3055 390 3093 r.
464 3043 498 3093 15
517 3041 631 3093 sanatur
653 3056 702 3109 pr:
730 3038 864 3092 sonantur
886 3039 933 3094 do.
1007 3037 1147 3093 1710510-

130 3123 191 3161 rem
209 3107 249 3176 pb
269 3106 331 3175 (fea
350 3109 387 3177 d).
461 3114 494 3163 19
514 3113 571 3164 und
587 3121 634 3179 9⁶,
653 3111 709 3164 und
728 3109 779 3163 db:
799 3108 884 3163 simul
903 3109 949 3164 Pl.
1016 3114 1052 3164 20
1070 3125 1147 3162 man·

132 3178 197 3233 dere
216 3176 356 3232 matutino
375 3179 401 3234 d.
452 3185 486 3234 22
501 3197 615 3250 aspersa
629 3182 673 3251 (ef.
690 3180 747 3250 Pl.)
766 3180 817 3249 pb:
836 3196 948 3250 asperso
966 3181 992 3236 d.
1044 3185 1079 3234 24
1093 3177 1149 3232 Sed

132 3247 216 3318 (sid)
239 3249 340 3303 melius
359 3266 396 3305 m.
415 3248 639 3308 domesticorum.
678 3250 727 3305 sed
751 3252 791 3318 (et
813 3252 841 3320 d)
860 3249 960 3305 melius
979 3265 1075 3306 eorum
1094 3263 1148 3316 que

131 3317 163 3372 in
185 3319 263 3374 rubis
285 3323 442 3374 naseuntur
463 3324 505 3390 977
527 3324 611 3390 (rmde
633 3322 683 3376 sed
704 3321 805 3377 melius
824 3321 848 3376 si
871 3339 935 3376 oum
952 3339 989 3378 m.
1009 3320 1082 3375 dom.
1102 3317 1148 3371 vel

132 3391 208 3444 certe
240 3406 336 3444 eorum
359 3395 405 3446 ete.
430 3393 486 3461 rt).
523 3410 592 3462 quac
624 3393 736 3448 librarii
762 3393 905 3447 cuiusdam
932 3391 1030 3446 addito
1062 3389 1148 3457 expli-

133 3461 239 3515 catione
256 3461 331 3528 falsa
349 3462 517 3530 interpolata
533 3468 599 3518 ornat
630 3464 675 3532 (cs.
697 3464 783 3533 Plana,
809 3463 904 3517 Fruar
927 3460 1044 3530 Syoope.
1068 3459 1095 3526 tt.
1115 3457 1147 3510 ol.

128 3547 160 3598 p.
180 3537 233 3586 236
243 3534 317 3601 opp).
391 3538 425 3586 25
445 3533 555 3589 sestarii
571 3551 597 3603 9.
