2588 3886
478 179 720 243 -173-

153 375 295 431 XXXV.
325 376 374 430 De
397 387 491 443 repo.
1017 362 1086 487 2519·

162 493 246 573 Rapa
284 491 471 556 Democritus
508 501 657 572 tamquam
694 494 841 553 contraria
880 494 998 572 corpori

90 581 216 642 damnat.
254 589 341 662 putat
364 583 444 644 enim
467 600 503 642 ex
531 584 556 642 is
586 581 753 642 inflationes
776 581 920 643 stomachi
948 599 997 640 ex·

90 671 181 730 citari.
220 678 326 732 contra
349 669 467 731 Diocles
480 672 624 749 „itemque
649 669 806 748 Dionysius
835 672 923 731 etiam
946 689 996 730 ne-

90 761 217 820 cessaria
246 762 416 820 existimant
443 767 567 838 propter
594 777 644 818 eas
672 761 796 819 virtutes
824 775 900 838 quae
921 758 996 839 ‘sub-

68 849 180 908 tiectae
210 857 292 910 sunt.
329 847 495 909 antidotum
518 855 743 927 repraesentant
771 865 839 908 cnm
867 864 903 907 ex
921 842 996 907 'oleo

91 944 119 996 et
148 939 218 997 vino
257 939 328 998 trita
365 944 534 998 sumuntur.
583 954 723 998 venerem
759 935 924 1016 stimulant,
962 954 997 996 eo

91 1025 212 1086 validius
232 1029 260 1086 si
280 1044 348 1086 cum
367 1043 457 1087 eruca
472 1026 656 1086 condiantur.
684 1032 761 1085 tosta
780 1032 811 1085 et
829 1043 897 1086 cum
912 1023 997 1104 adipe

91 1121 213 1175 contusa
237 1114 434 1176 articulorum
462 1115 557 1175 dolori
584 1114 750 1175 medentur.
787 1113 930 1174 ferventia
953 1116 997 1173 in·

91 1205 183 1280 posita
196 1205 362 1283 perniones
376 1205 525 1284 mitigant,
539 1203 633 1281 frigus
648 1221 684 1263 ex
697 1201 824 1282 pedihus
838 1201 997 1281 expellunt.
1029 1243 1031 1248 -

60 1302 164 1369 1⁰aqua
186 1295 219 1353 in
244 1311 304 1372 qna
327 1292 458 1354 discocta
481 1300 552 1353 sunt
579 1291 694 1370 frigidis
716 1291 856 1371 podagris
880 1291 998 1352 salubre

92 1378 256 1458 lomentum
280 1389 334 1442 est.
376 1383 554 1460 cuicumque
577 1382 648 1440 vitio
675 1381 786 1459 pedum
813 1381 998 1457 maximeque

92 1468 205 1530 trituris
235 1469 330 1531 cruda
357 1480 444 1531 tunsa
477 1475 667 1530 succurrunt,
714 1476 817 1528 contra
844 1476 999 1546 serpentes
1045 1471 1060 1503 *

93 1561 121 1614 et
150 1560 251 1619 toxica
284 1558 372 1619 datur
403 1576 505 1619 semen
539 1575 573 1618 ex
604 1559 672 1616 vino
704 1555 874 1617 hibendum.
920 1555 1000 1616 idem

94 1661 192 1706 semen
216 1667 254 1708 ex
273 1649 341 1706 vino
360 1647 533 1708 vulneribus
551 1647 705 1707 venenatis
727 1645 845 1706 inlitum
866 1644 998 1723 prodest.

62 1744 82 1785 1⁵
95 1735 257 1796 secundum
286 1735 359 1795 haec
387 1753 489 1797 semen
516 1738 548 1796 in
576 1737 655 1814 rapis
688 1741 788 1814 potest
814 1732 942 1794 calidum
970 1740 1000 1792 et
1045 1736 1060 1770 *

95 1819 208 1884 fervens
232 1822 345 1905 videri,
371 1826 435 1903 ipsa
461 1824 549 1904 paulo
573 1823 716 1885 solutiora
738 1822 917 1902 creduntur,
947 1821 999 1882 sed

96 1911 170 1986 quod
203 1916 305 1974 minus
336 1913 490 1991 possident
517 1912 638 1993 caloris,
669 1911 820 1973 molliendi
851 1918 998 1990 potestate

96 2008 296 2080 compensant.

96 2136 307 2150 κ*

155 2193 229 2270 Rapa
244 2198 269 2252 si
284 2195 414 2270 frequens
429 2193 587 2251 comedatur
600 2195 733 2252 stomachi
753 2195 906 2252 inflationes
924 2193 997 2251 iacit.
1012 2193 1088 2262 (40³2)

65 2275 167 2334 neatis
189 2282 237 2338 ubi
260 2283 383 2337 coxerint
405 2279 507 2336 radices
530 2280 588 2336 eius
615 2278 780 2354 podagricos
803 2279 875 2337 lore.
907 2295 1000 2336 semen

98 2360 151 2417 eius
166 2381 198 2420 ex
213 2367 278 2422 vino
302 2366 395 2422 tritum
417 2371 512 2422 contra
533 2365 702 2439 serpentium
723 2381 831 2423 morsus
853 2364 942 2422 datur.

164 2569 206 2624 tit.
226 2569 269 2624 De
287 2584 356 2639 repo
374 2584 425 2637 po:
443 2566 486 2622 De
504 2583 574 2638 rape
592 2567 701 2638 ld(rb).
754 2574 831 2622 1-a
850 2583 900 2622 om.
920 2568 946 2622 d.
994 2573 1007 2622 1
1028 2568 1108 2638 Rapa

171 2639 399 2708 eontrarie(etc.)
421 2655 473 2708 po:
499 2638 973 2708 Rapum...eontrerinml(rt).
1036 2639 1108 2693 nis:

99 2702 140 2760 his
156 2713 222 2779 qul,
247 2728 281 2766 ee
298 2712 343 2765 rb,
398 2715 414 2764 3
434 2709 568 2764 dionisius
585 2726 637 2779 po,
659 2708 803 2779 dyonisius
821 2710 839 2763 l.
894 2714 910 2762 ὃ
935 2709 969 2763 Α.
988 2724 1109 2778 nemque

9 2779 10 2784 ’
102 2783 272 2846 representat
288 2783 333 2837 rb.
354 2783 358 2849 1
383 2797 448 2836 eum
465 2781 532 2850 pol:
559 2796 610 2836 om.
628 2781 673 2836 rb.
716 2780 973 2854 usumunturpol:
992 2780 1110 2835 sumitur

102 2844 206 2912 (tritum
223 2852 343 2908 sumitur
360 2854 384 2922 r)
403 2852 448 2906 rb.
475 2855 479 2921 Ι
503 2851 568 2906 hine
585 2851 686 2924 incipit
708 2852 740 2906 d:
767 2851 847 2921 Repe
864 2867 994 2906 venerem
1013 2850 1109 2906 stimu-

101 2939 238 3020 lantem
259 2933 388 3006 sumnia
401 2950 464 3018 (aps.
478 2951 559 3018 corr.)
573 2964 603 3018 ρ,
623 2948 696 3003 unt
708 2949 776 3003 vta:
796 2948 849 3003 -ut
861 2949 906 3005 ro.
949 2949 1110 3005 iconam-

102 3013 145 3068 iur
161 3035 211 3087 po:
237 3022 395 3090 (sumuntur
413 3023 434 3088 l,
458 3021 505 3075 sed
522 3036 610 3089 supro
626 3022 690 3090 ser.)
709 3019 877 3075 condiuntur
895 3021 942 3088 ld,
965 3020 1111 3076 condietur

102 3085 144 3140 rb·
168 3093 173 3158 Ι
196 3094 301 3148 tostum
392 3092 558 3146 contunsum
571 3108 595 3145 r.
650 3091 876 3147 timedeturrt.
900 3094 905 3159 Ι
927 3091 1108 3150 fervens...

9 3171 10 3214 l
104 3155 212 3230 mitigat
230 3207 236 3220 .
252 3206 280 3219 ..
300 3162 416 3234 expellit
433 3163 478 3218 rb.
499 3165 504 3230 Ι
527 3161 693 3231 impositum
711 3179 733 3218 r.
794 3169 827 3216 11
847 3179 870 3218 c,
889 3179 956 3219 vero
974 3161 1045 3218 vitio
1064 3163 1108 3218 ab.

137 3235 168 3284 12
187 3235 273 3289 crude
289 3237 355 3290 tuse
372 3235 537 3290 succurrunt
554 3233 600 3288 tie
618 3234 660 3302 (ut
677 3234 757 3301 infra
773 3249 798 3290 u.
819 3239 852 3290 16
869 3233 935 3304 ipsa
952 3237 1010 3303 etc)
1029 3233 1111 3287 etiam

9 3331 10 3334 ¹
104 3296 146 3379 'l
189 3311 222 3360 13
241 3306 320 3360 Idem
333 3307 399 3374 pol:
418 3306 546 3375 Itemque
559 3305 605 3360 rb.
653 3310 686 3358 14
704 3303 817 3360 exvino
831 3304 1108 3374 postvenenatisrb.

108 3362 224 3433 iditum
242 3377 352 3445 rutro).
408 3382 441 3430 15
460 3393 521 3448 sqq.
539 3391 591 3430 oen.
609 3376 636 3430 a.
697 3382 731 3431 re
749 3374 813 3446 ipso
836 3377 854 3430 t.
921 3382 953 3431 re
981 3391 1110 3444 compen-

106 3444 385 3588 ffiaptoeobnppenset
397 3447 462 3516 ὂψ
482 3447 651 3518 conpessnnt
663 3463 692 3516 o,
711 3448 916 3517 compescenti
928 3446 1021 3517 (plene
1036 3461 1110 3500 com·

183 3533 200 3572 n
230 3537 245 3574 r
280 3561 285 3573 .
