2636 3874
566 96 785 158 „42-

320 271 408 335 aoso.
437 276 473 319 ex
496 261 561 319 iure
584 259 616 320 in
639 255 705 316 cibo
725 255 835 334 sumpti
858 255 966 315 ieiunis
989 252 1106 314 dantur,
1144 252 1186 314 la·

437 354 518 408 certa
537 345 639 413 viridis
658 344 780 406 decocta
797 345 829 403 in
852 344 912 402 vini
931 343 1068 402 sextariis
1085 340 1187 403 tribus

437 435 473 496 ad
487 433 626 515 cyathum
638 449 746 513 sunum,
765 431 888 510 singulis
908 428 1093 490 coclearibus
1106 429 1187 508 pthi-

437 525 499 584 sico
518 523 593 584 datis
611 521 717 582 diebus
736 520 860 600 singulis
878 519 972 579 donec
991 517 1187 580 convalescat.

336 615 375 670 cb.
437 613 613 692 propinatur
627 605 799 690 {coclearum
819 609 895 669 cinis
913 625 949 667 ex
967 608 1035 666 rino
1054 615 1187 668 austero.
1202 621 1218 660 ⁵

242 731 245 736 ·
305 711 410 776 nupto.
439 702 500 761 suis
524 700 651 760 feminae
674 698 768 759 herba
789 703 890 777 pastae
913 695 1039 756 laridum
1062 696 1094 754 in
1117 693 1188 755 cibo
1306 745 1307 750 ,

229 792 269 847 ib.
306 797 411 860 turcl.
439 789 534 850 datur.
563 805 668 849 carnes
686 788 785 848 asinae
804 804 841 846 ex
861 786 926 845 iure
946 791 1090 863 sumptae.
1123 784 1189 843 suis
1306 809 1307 854 ς

351 883 366 917 *
439 877 501 937 limi
528 878 604 936 cinis
627 895 664 936 ex
685 892 774 956 passo
801 874 984 953 propinatur.
1021 871 1116 950 adipis
1138 889 1188 931 re·

440 966 536 1025 centis
562 964 661 1044 pondo
690 962 840 1042 quadrans
863 959 1040 1039 decoquitur
1067 961 1099 1019 in
1125 960 1190 1020 vini

441 1052 554 1132 cyathis
577 1051 688 1133 tribus,
711 1051 829 1111 additur
852 1067 887 1109 eo
907 1048 965 1109 mel
988 1049 1134 1127 optimum
1156 1055 1233 1108 et1⁰

440 1139 541 1220 pilulis
564 1139 697 1220 glutitur.

402 1420 407 1428 Ι
506 1339 552 1396 11.
576 1338 728 1408 syntoxi.

509 1457 647 1537 Syntexis
669 1474 789 1536 quoque
807 1473 864 1516 uec
880 1453 1015 1535 periculo
1034 1471 1091 1514 uec
1114 1453 1190 1513 facie

441 1545 534 1625 pthisi
557 1545 707 1607 dissimilis
726 1544 848 1605 morbus
868 1551 923 1604 est.
956 1544 1005 1603 cui
1027 1543 1071 1602 sic
1089 1541 1190 1602 mede·
1307 1611 1308 1620 ἵ

307 1645 416 1709 uulsa.
442 1642 501 1695 tur.
538 1634 628 1694 alicae
656 1629 754 1712 cyathi
769 1640 839 1704 ,tres
865 1633 898 1692 in
920 1633 1000 1711 passi
1027 1631 1192 1690 sextarium

443 1738 536 1801 aquae
555 1723 694 1800 congium
712 1723 944 1782 commiscentur
962 1727 993 1780 et
1011 1719 1123 1778 sensim
1141 1735 1191 1777 co·
1207 1729 1233 1769 1⁵

444 1818 579 1890 quumur
588 1810 682 1870 donec
693 1827 769 1890 aqua
779 1815 981 1888 consumatur,
994 1814 1067 1868 tunc
1077 1806 1192 1868 sull'un-

444 1899 525 1960 ditur
543 1897 627 1959 lactis
647 1897 726 1960 ovilli
744 1899 892 1959 sextarius
911 1903 962 1957 aut
980 1896 1107 1976 caprini,
1131 1912 1193 1973 quo

444 1985 662 2049 subfervefacto
679 1987 714 2047 fit
734 2003 829 2066 genus
847 1983 1033 2063 sorbitionis,
1056 2000 1115 2061 qua
1137 1999 1194 2061 per

444 2093 475 2136 se
494 2077 599 2154 primis
619 2073 724 2136 diebus
743 2074 905 2136 curationis
923 2079 1064 2152 utuntur,
1086 2088 1192 2149 proce·

444 2162 583 2224 dentibus
598 2162 703 2225 diebus
717 2172 747 2225 et
761 2162 820 2223 mel
833 2161 973 2222 adiciunt.
1001 2159 1194 2220 utilissimum
1209 2172 1235 2211 so
1308 2157 1309 2242 l

444 2259 551 2329 putant
574 2271 626 2313 eos
648 2255 681 2313 iu
704 2268 779 2331 aqua
801 2251 915 2310 marina
937 2249 1036 2309 lavari.

518 2449 581 2506 111.
603 2449 809 2506 Isohisdiois.

330 2577 418 2643 aaut.
514 2565 630 2628 Vermis
652 2576 792 2629 terrenus
815 2568 954 2628 elloditur
978 2573 1008 2627 el
1030 2565 1195 2645 imponitur

445 2657 476 2716 in
500 2655 630 2717 catillum
653 2656 785 2736 ligneum
808 2657 911 2717 lissum
930 2656 1010 2716 ferro
1034 2653 1195 2733 alligatum,

251 2867 268 2916 3
282 2861 405 2931 pthisico
418 2863 496 2932 9(b)=
514 2860 624 2918 thisicis
637 2863 664 2917 d.
715 2867 733 2916 4
747 2861 833 2918 detisz
852 2863 892 2917 sio
905 2860 955 2932 qd.
976 2863 980 2930 Ι
1002 2857 1194 2916 convalescat:

176 2931 222 2987 sic
239 2932 288 3003 qd.
361 2931 601 3004 bcoolesriumy
624 2934 709 3002 (rum
731 2934 768 3002 d).
842 2931 980 2988 bberbso
999 2935 1063 2986 ante
1081 2945 1151 2986 corr.
1170 2945 1195 2999 9.

184 3002 284 3084 lpsstp
302 3001 424 3057 laridum
441 3020 472 3073 9:
495 3020 559 3058 oum
577 3005 615 3074 (c)
632 3004 713 3074 parts
731 3003 805 3058 bardi
823 3004 849 3058 d.
901 3001 1027 3058 tesinse
1040 3017 1070 3070 p:
1089 2999 1197 3055 ssinid

180 3073 317 3140 (asininae
332 3073 398 3142 Pe).
418 3076 423 3142 Ι
442 3077 561 3143 prosunt
573 3075 637 3130 odd.
651 3091 675 3129 r.
726 3081 741 3128 9
755 3075 850 3144 pondo
869 3074 1010 3143 quadrans
1023 3073 1078 3142 qd:
1095 3069 1197 3126 unciae

176 3145 238 3199 bros
255 3160 279 3198 r.
347 3145 389 3199 tit.
408 3141 530 3200 Sinlexis
547 3145 688 3215 percussio
708 3146 754 3214 (cf.
772 3147 830 3200 iud.
850 3147 921 3215 cap.)
939 3160 970 3213 p,
987 3144 1030 3198 Do
1048 3140 1151 3197 sintoxi
1169 3142 1197 3196 d.

217 3219 250 3268 12
271 3213 391 3292 Sinbouis
409 3215 436 3270 d.
504 3221 537 3270 13
557 3216 603 3271 cui
620 3216 747 3272 medetur
764 3216 805 3270 sic
823 3216 851 3272 d.
919 3221 953 3270 14
971 3213 1061 3270 alicae
1078 3229 1095 3268 r
1114 3212 1198 3294 (Pl.):

178 3284 308 3341 Hillscoe
325 3302 357 3356 ρ,
374 3285 510 3356 Hyllsceo
528 3287 555 3344 d.
637 3293 670 3342 15
690 3289 719 3342 ot
737 3302 827 3356 aquae
846 3285 974 3342 sextariis
995 3304 1033 3340 vr.
1056 3301 1080 3340 r.
1110 3285 1115 3348 1
1145 3301 1199 3338 rm·

181 3359 337 3413 soonlmd.
364 3354 497 3426 {sensim
515 3373 565 3412 om.
584 3358 610 3414 d.
675 3364 708 3413 16
727 3359 938 3414 consummetur
954 3358 980 3414 d.
1048 3360 1085 3410 20
1102 3351 1198 3409 Utilli·

176 3443 259 3480 snum
272 3443 297 3496 p.
335 3433 368 3482 21
383 3429 500 3498 putatur
508 3429 535 3485 d.
572 3430 613 3485 stt.
629 3427 756 3485 Scisticis
765 3444 791 3498 9,
800 3428 843 3483 De
857 3427 952 3483 sciolis
965 3427 985 3484 d
993 3424 1081 3496 (dicis
1090 3425 1198 3494 indo),
