2636 3874
511 127 730 206 7171-

111 301 185 354 sunt
198 291 245 351 rel
259 293 411 352 minimam
424 293 573 351 offensam.
598 293 659 351 scio
675 299 756 350 certe
771 309 858 370 quos-

112 382 182 442 dam
200 380 332 440 medicos
355 380 444 440 huius
463 381 624 440 curationis
640 378 696 439 sibi
715 397 860 440 summam

112 471 270 530 scientiam
301 468 465 529 vindicasse
493 475 523 528 et
555 486 675 546 magnas
706 469 860 528 mercedes

111 559 286 637 poposcisse
319 575 386 618 cum
419 556 559 618 adversus
591 556 712 617 morbos
744 559 861 617 aurium

83 657 209 706 ⁵unum
232 653 282 705 aut
306 645 432 705 alterurn
454 653 577 705 nossent
600 645 773 706 remedium.
805 663 860 705 nos

113 734 208 794 multa
220 734 414 814 proserimm‚
428 741 462 794 ut
477 752 545 794 cum
559 752 608 794 res
623 735 754 812 exegerit
768 735 861 812 possi·

114 841 183 882 mus
205 824 264 902 uti,
288 841 355 882 curn
380 841 416 882 ex
438 824 464 881 is
488 821 585 900 aliqua
608 824 803 882 occurrerint.

183 909 253 970 Gari
276 910 447 971 excellentis
472 911 606 991 cyathus,
630 912 706 970 aceti
730 910 863 990 cyathnS,
890 919 977 984 3118.

114 1017 195 1059 unns
219 999 313 1059 mellis
338 998 460 1078 cyathus
484 1008 514 1059 et
537 999 689 1060 dimidius:
716 1001 748 1061 in
772 999 861 1059 calice

71 1098 100 1138 10
115 1105 192 1148 nove
229 1089 340 1147 sensim
374 1088 564 1169 decoquitur,
601 1107 705 1167 spuma
737 1087 862 1148 subinde

115 1193 214 1255 penna
245 1174 373 1255 tollitur,
409 1185 439 1236 et
469 1195 538 1236 cum
570 1195 673 1256 spuma
710 1177 864 1255 resederit,

116 1272 288 1325 removetur
320 1270 350 1324 et
387 1282 423 1324 ex
455 1283 490 1324 eo
523 1266 656 1345 tepidum
688 1265 864 1325 infunditur.

117 1351 154 1412 ad
182 1369 285 1412 omnes
312 1352 477 1412 infusiones
505 1353 654 1414 auriculae
683 1352 865 1432 conchyliata
893 1363 980 1426 3137.

117 1440 182 1500 lana
210 1439 391 1501 obturandae
420 1448 497 1501 sunt.
535 1459 673 1501 ranarum
702 1441 791 1520 adeps
818 1459 864 1500 re·
893 1451 980 1514 sana.

76 1538 103 1580 1⁵
117 1530 227 1590 missus
250 1529 409 1589 instillatus
437 1528 569 1590 dolorem
597 1531 695 1591 statim
718 1528 803 1589 tollit.
841 1529 866 1587 si

117 1625 235 1678 tument
250 1635 337 1678 aures
351 1635 423 1678 suco
444 1617 585 1678 coliandri
604 1617 781 1697 mitigandae
796 1623 866 1680 sunt

118 1707 211 1784 prius.
248 1723 338 1780 sucus
357 1705 484 1765 hederae
503 1707 620 1785 tepidus
640 1725 707 1767 cum
726 1707 794 1765 vino
822 1707 865 1764 in·
895 1715 981 1779 1411.

118 1793 255 1854 stillatur.
279 1793 338 1854 mel
356 1812 425 1854 cum
443 1797 557 1854 rosacio
576 1795 697 1856 inditur.
721 1792 779 1854 mel
798 1812 867 1854 cum
895 1802 1000 1867 22‚108.

119 1883 234 1942 rosacio
258 1889 288 1942 et
316 1899 421 1942 manna
444 1885 520 1942 turis
548 1882 584 1942 ad
611 1885 705 1946 instar
729 1882 867 1943 coclearii
941 1887 956 1920 *

56 1981 105 2022 -20
120 1969 297 2030 adiciuntur.
324 1970 381 2030 hoe
405 1977 435 2029 et
453 1970 575 2031 vulnera
594 1979 677 2031 sanat
700 1979 729 2031 et
748 1987 868 2032 umores

120 2061 259 2120 exsiccat.
300 2076 406 2136 parum
433 2059 587 2120 audientes
614 2059 727 2120 utiliter
751 2066 868 2118 acetum
896 2068 983 2129 23‚59.

119 2149 313 2226 gargarizant.
340 2146 540 2208 auricularum
556 2148 696 2208 fracturis
711 2146 868 2206 medentur
896 2155 1001 2217 anlon.
1087 2215 1088 2218 Ἴ

120 2235 204 2295 bulbi
226 2237 290 2295 triti
313 2243 343 2296 et
366 2237 493 2314 appositi
518 2243 548 2294 et
571 2237 674 2313 quinto
699 2234 746 2294 die
770 2233 868 2294 soluti.

121 2321 261 2384 loliorum
276 2322 347 2383 rubi
368 2325 400 2383 in
419 2330 478 2402 quo
498 2341 580 2382 mora
594 2330 758 2383 nascuntur
777 2339 868 2382 sucus
897 2326 1003 2394 24‚119'.

79 2421 107 2462 25
121 2411 240 2491 tepidus
267 2411 435 2472 instillatur.
477 2410 516 2471 lel
542 2410 666 2490 pecudis
690 2429 758 2471 curn
781 2409 868 2470 melle
897 2420 1002 2483 aulae.

122 2518 210 2562 aures
228 2507 343 2579 purgat.
381 2501 479 2559 canini
500 2499 586 2560 lactis
611 2499 761 2560 instillatio
786 2499 869 2558 sedat
931 2499 968 2554 ib.

195 2689 388 2744 3vendicasee
401 2689 468 2744 deb.
520 2647 650 2742 ehxihrii
672 2688 731 2755 (sic)
754 2703 779 2754 9.
831 2691 845 2738 7
865 2684 890 2738 ia
904 2684 934 2738 d:
958 2681 1002 2736 his
1021 2683 1088 2751 qrb.

123 2766 140 2814 8
160 2759 243 2830 cynici
261 2777 292 2829 p,
311 2759 439 2830 ci[l]ahue
453 2759 485 2824 d,
503 2758 621 2826 cyathus
635 2779 645 2811 1
658 2758 703 2811 rb.
741 2761 757 2810 9
773 2756 891 2824 (cyclus)
909 2771 981 2808 nnus
994 2769 1025 2822 9,
1044 2753 1138 2813 uti-b.
1212 2791 1215 2794 -

123 2832 259 2886 coniectast
285 2847 346 2885 cnm
372 2846 423 2899 seq.
471 2835 504 2883 10
523 2827 639 2883 subinde
663 2830 706 2881 ais
732 2826 823 2896 prime
846 2825 947 2894 (prima
970 2825 1021 2894 hm)
1045 2840 1138 2895 penna

123 2901 234 2957 tollitur
261 2901 310 2970 (aie
333 2901 392 2956 elia
415 2901 526 2955 lectione
547 2900 579 2952 in
601 2899 662 2968 ipso
688 2902 766 2951 tectu
788 2897 904 2965 adiecto)
928 2913 951 2950 r.
1045 2903 1076 2950 11
1095 2911 1140 2950 re-

124 2971 238 3027 cesserit
254 2973 300 3026 rb.
392 2978 424 3026 12
443 2973 602 3027 removetur
621 2971 666 3038 (ec.
685 2968 722 3023 ab
740 2967 819 3038 igne,
837 2972 869 3021 ut
888 2967 932 3022 M.
946 2983 977 3037 p.
998 2972 1031 3021 '15
1050 2968 1138 3036 suph:

124 3044 275 3098 renovetur
289 3044 308 3100 d
326 3043 385 3112 (om.
398 3042 490 3097 Marc.
496 3059 527 3110 p.
539 3046 572 3096 ‘15
586 3042 653 3096 med.
668 3041 759 3096 eudem
774 3039 810 3095 al.
816 3055 847 3108 p.
859 3043 901 3093 77.
913 3040 966 3108 82).
1022 3044 1055 3092 13
1075 3053 1138 3092 con-

125 3112 242 3168 chiliata
259 3114 290 3181 d,
310 3112 483 3182 conquiliaia
499 3112 595 3182 plsed
614 3128 679 3167 mox
697 3108 869 3180 conquiliata
885 3111 941 3179 rb).
990 3114 1022 3163 16
1033 3107 1136 3163 colian-

123 3183 168 3238 dri
186 3201 220 3252 oe.
236 3183 374 3240 coriandri
392 3185 460 3240 drb.
487 3186 492 3251 l
517 3185 589 3238 suni.
608 3183 689 3238 Prius
708 3183 739 3252 d,
759 3182 835 3250 sunt,
859 3180 908 3237 sed
926 3180 1002 3255 prius
1020 3180 1067 3234 rb.

125 3260 157 3309 17
178 3271 242 3308 cum
261 3255 322 3309 oleo
342 3255 387 3309 Pl.
442 3261 475 3310 18
494 3254 551 3310 mel
570 3270 593 3310 c.
611 3273 633 3307 r.
652 3253 670 3309 i.
689 3273 726 3311 m.
746 3270 768 3309 c.
787 3271 808 3308 r.
829 3255 858 3308 et·
875 3268 978 3308 manna
995 3251 1053 3320 qrb
1072 3248 1140 3317 (aiei

123 3326 196 3394 quod
210 3325 321 3396 melque
335 3325 395 3395 rb):
414 3325 471 3381 mel
489 3341 634 3382 rosaceum
653 3325 682 3380 et
699 3340 802 3379 manna
821 3323 870 3394 (sic
883 3324 972 3378 eiectis
985 3337 1054 3390 quae
1067 3317 1140 3372 mele

123 3395 240 3465 repetita
260 3397 427 3464 emerentur)
452 3397 478 3452 d.
563 3401 596 3450 19
615 3395 735 3450 cocleari
753 3396 779 3450 ol.
861 3401 895 3449 20
913 3394 1043 3447 humores
1061 3387 1137 3458 prb:

125 3470 250 3521 tumores
268 3468 294 3522 d.
368 3473 402 3521 23
420 3466 501 3536 pulbi
518 3485 544 3537 p.
570 3467 575 3537 1
599 3487 625 3521 v.
644 3466 690 3521 die
709 3467 735 3520 d.

179 3569 246 3610 Plinii
258 3570 352 3610 iunioris
363 3568 483 3618 medicina.
959 3555 975 3600 2
