2588 3886
507 146 749 209 —167-

97 310 194 370 etiam
226 306 399 387 veteribus,
426 309 590 368 carceratis
619 325 751 389 quoque,
785 310 811 368 si
837 310 922 387 prius
952 326 1027 388 aqua

96 397 201 458 calida
233 397 301 456 fota
327 399 400 477 siut,
433 395 555 456 crudam
584 399 741 457 contritam
770 395 817 456 bis
849 395 896 456 die
924 398 1027 475 inponi

96 481 252 566 (iubet).
288 492 319 545 et
340 485 528 564 impetigines
547 484 643 546 credit
660 484 717 546 hoc
736 485 823 546 modo
842 487 944 546 tritam
963 487 1026 545 sine

94 574 301 636 ulceratione
338 591 451 634 sanare.
506 572 655 652 podagrae
692 582 780 653 etque
818 572 1027 634 articularibus

67 662 223 723 emorbis
257 680 328 723 cum
355 669 423 723 ruta
450 669 480 722 et
508 661 659 723 coliandro
688 669 717 722 et
740 663 846 722 hordei
873 664 968 723 farina
997 670 1027 723 et

96 751 172 817 salis
199 753 288 811 mica
301 750 429 812 ‘utiliter
452 751 601 812 admoveri
628 759 725 831 putat,
754 750 867 812 fistulas
895 753 1026 830 itemque

95 841 207 900 luxata
234 839 403 919 discutere,
431 846 565 901 tumores
588 848 639 901 aut
666 857 789 900 evocare
813 847 863 900 aut
887 857 1026 919 spargere

95 931 290 1010 inpositam,
312 930 459 989 insomnia
477 946 512 988 ac
525 928 637 1008 vigilias
653 946 843 1008 compescere
859 930 885 988 si
904 928 1028 989 decocta

99 1036 174 1078 curn
205 1017 274 1077 sale
302 1024 333 1077 et
364 1017 430 1077 oleo
457 1019 566 1078 ieiunis
593 1019 625 1078 in
658 1016 725 1077 cibo
753 1017 853 1098 detur,
885 1017 1026 1078 decoctae

61 1119 86 1158 10
100 1123 219 1184 aquam
262 1108 294 1165 in
334 1106 467 1166 lomento
503 1108 604 1166 nervis
644 1105 838 1185 articulisque
873 1105 1027 1185 prodesse.

101 1197 171 1255 eius
187 1195 247 1274 qui
268 1193 430 1254 brassicam
444 1194 541 1254 ederit
555 1197 672 1256 urinam
687 1197 800 1256 servari
818 1193 922 1276 iubet,·
939 1211 1027 1274 quam

101 1283 290 1344 calefactam
321 1285 422 1343 nervis
454 1283 557 1344 utilem
590 1283 750 1344 adseverat.
796 1301 906 1363 pueros
938 1285 1027 1345 etiam

103 1389 280 1452 numquam
313 1370 426 1432 debiles
457 1371 523 1431 fieri
556 1373 581 1431 si
609 1390 645 1432 ex
673 1389 708 1432 ea
735 1373 822 1433 urina
852 1373 1027 1450 frequenter

103 1460 262 1522 laventur.
1139 1521 1145 1532 ,

69 1560 93 1598 ¹⁵
175 1549 333 1610 hactenus
346 1549 383 1609 de
399 1547 518 1610 Catone.
542 1567 621 1609 nunc
637 1548 672 1609 ad
687 1548 819 1610 medicos
833 1556 1028 1630 transeamus
1061 1541 1106 1594 Pl.

106 1655 143 1697 ex
174 1637 293 1717 quibus
321 1637 504 1717 Chrysippus
531 1638 712 1718 peculiarem
742 1637 890 1699 brassicae
918 1617 1127 1698 librum20234·

105 1726 220 1787 dicavit
252 1728 390 1811 omniunt¹
414 1725 616 1788 membrorum
645 1746 680 1788 ex
709 1745 743 1787 ea
774 1725 906 1787 remedia
933 1727 1026 1786 conti·

107 1823 246 1876 nentem.
286 1817 350 1876 eius
374 1823 404 1876 et
427 1823 597 1877 ceterorum
620 1816 657 1877 de
680 1814 812 1878 brassica
834 1815 908 1876 haec
927 1816 1027 1894 opinio

107 1911 173 1965 est:
215 1903 305 1965 cibus
338 1906 404 1965 eius
436 1904 577 1966 adsiduus
611 1904 766 1984 caliginem
799 1903 933 1984 discutit,
958 1921 1026 1964 cou-

71 2000 96 2039 20
110 1994 247 2054 coctioni
262 1992 398 2073 prodest,
417 1995 625 2072 purgationem
639 1993 758 2052 leminis
772 1995 894 2072 excitat,
913 1993 1028 2072 copiam

108 2077 198 2142 laetis
223 2081 364 2142 infundit.
402 2081 569 2142 semicruda
593 2080 690 2142 alvum
712 2080 847 2161 resolvit,
874 2081 921 2140 bis
944 2086 1028 2139 cocta

111 2172 306 2250 constringit.
343 2170 435 2231 cruda
459 2188 496 2229 ex
518 2177 603 2230 aceto
627 2176 744 2249 sumpta
767 2169 915 2248 splenicos
934 2174 1029 2248 curat,
1074 2171 1089 2206 *

188 2364 202 2412 1
225 2375 338 2429 quoque
355 2374 394 2428 pv
413 2358 459 2428 (cf.
476 2358 545 2427 Pl.):
564 2374 618 2427 que
633 2358 722 2427 ἰθὺ).
768 2363 784 2411 2
802 2357 864 2413 fota
876 2358 927 2429 pol
936 2358 1008 2427 (νῶι
1028 2355 1135 2412 lomen-

113 2427 176 2484 tatu
195 2431 251 2486 br.
268 2431 273 2498 1
288 2429 357 2484 fota.
385 2430 425 2485 sic
443 2429 593 2486 contritam
612 2429 762 2488 crodomt.
779 2430 783 2498 Ι
798 2429 843 2484 bis
861 2429 907 2484 die
925 2445 955 2498 9:
978 2427 1022 2483 bis
1041 2428 1071 2482 in
1089 2426 1135 2482 die

113 2498 145 2551 cl
155 2501 224 2571 (rb).
247 2504 251 2570 Ι
276 2499 383 2571 imponi
396 2502 426 2556 et
443 2500 491 2570 (Et
503 2501 544 2571 cl)
563 2501 617 2570 pol
640 2501 750 2570 (addidi
767 2499 847 2556 iubet
864 2515 898 2554 ec
913 2499 1010 2554 Plinio
1029 2499 1063 2566 cf.
1077 2499 1134 2566 rb).

150 2575 167 2624 3
192 2575 224 2628 et
244 2571 329 2641 iu(im
346 2571 529 2642 obpetiginee
548 2571 637 2628 credit
653 2574 720 2642 pol:
750 2573 780 2627 et
802 2571 838 2626 ud
856 2569 1037 2640 impetigines
1055 2568 1136 2623 iubet

116 2641 262 2713 creditque
280 2643 324 2698 rb.
372 2641 578 2698 tulceratione
596 2643 662 2713 pol:
682 2642 888 2698 exulceratione
901 2640 946 2696 rb.
993 2645 1050 2694 us.
1084 2656 1135 2694 uo-

118 2725 171 2777 que
194 2714 332 2769 unicurt.
356 2713 360 2785 Ι
384 2714 508 2784 itemque
530 2715 596 2784 pol:
625 2715 772 2782 utquerb.
837 2718 851 2766 7
875 2711 973 2766 luxata
995 2710 1063 2778 rb(
1092 2712 1134 2778 tl:

117 2778 215 2838 luxata
232 2787 287 2852 pol
306 2785 350 2853 (of.
370 2786 409 2840 cd
422 2801 452 2854 p.
473 2787 590 2854 toout).
611 2786 616 2853 1
639 2783 778 2838 discutere
796 2785 919 2838 tumores
937 2783 970 2836 cl
993 2783 1064 2850 (eum
1084 2781 1134 2837 Od.

118 2855 143 2904 et
162 2853 234 2926 Pl):
257 2856 409 2910 discuteret
426 2856 557 2910 humores
574 2871 592 2924 p
611 2855 775 2924 (discutere,
798 2854 929 2909 humores
947 2854 1003 2923 rt).
1059 2858 1075 2907 8
1094 2852 1135 2907 in-

119 2923 265 2988 positast.
286 2929 290 2997 l
312 2925 420 2996 cti-(9)
430 2926 512 2982 detur
528 2928 595 2997 pol:
614 2942 664 2982 orn.
678 2926 723 2980 rb.
760 2925 912 2980 9Decocte
926 2941 1029 2996 uquam
1043 2924 1134 2994 t(rb):

120 2989 244 3052 Deeoeta
266 3014 300 3054 ee
322 3004 378 3067 qua
401 2999 481 3066 (mole
498 2998 573 3066 dist.)
595 3013 626 3066 9,
654 2997 862 3066 decoctumque
886 2997 955 3062 (sine
977 2997 1051 3065 dcet.)
1074 3012 1098 3051 c.

122 3066 153 3116 11
173 3065 240 3122 Eius
260 3083 372 3139 quoque
390 3069 439 3137 qui
456 3069 501 3124 rb.
558 3074 590 3123 12
610 3067 705 3122 nervis
722 3070 864 3122 asseveret
886 3067 986 3122 utilem
1003 3067 1048 3121 rb.
1066 3064 1071 3138 Ι
1087 3065 1134 3120 od·

122 3141 230 3194 severat
246 3155 300 3210 po,
323 3156 380 3196 ess·
398 3141 415 3196 l.
471 3145 505 3193 13
529 3155 634 3204 esem.
655 3139 694 3194 vl.
750 3139 969 3194 15Acteuusc.
1023 3144 1058 3191 16
1084 3135 1137 3190 cri·

123 3203 469 3352 ltp¹¹⁸1tildltt¹ld
507 3216 547 3335 1¹9⁷
559 3207 1136 3351 ttmtitttttltltld'tutta

126 3343 201 3403 cibus
218 3352 263 3407 rb.
279 3353 284 3422 Ι
300 3351 360 3407 eius
377 3354 476 3422 9(rb):
495 3367 545 3406 one
564 3369 589 3407 o.
606 3353 611 3420 Ι
627 3351 753 3406 assiduus
770 3353 834 3421 qul.
889 3357 924 3405 2ο
942 3317 1071 3403 foemibis
1090 3364 1135 3402 ex·

125 3422 317 3490 purgationem
335 3421 441 3478 excitet
457 3423 502 3478 rb.
549 3428 582 3476 21
603 3422 646 3477 bis
665 3424 746 3478 cocta
760 3423 843 3491 (Pl.):
862 3420 987 3476 discocta
1004 3419 1135 3502 pcipe).

160 3493 193 3545 tl
211 3493 348 3564 splenicos
366 3495 417 3550 ob:
436 3493 561 3564 plenicos
581 3494 639 3563 (sic)
652 3510 683 3564 p,
702 3493 829 3564 spenicos
847 3508 875 3560 r,
894 3490 1062 3560 spleneticos
1081 3491 1099 3546 l.
