2636 3874
565 158 783 222 „affl-

434 321 514 384 huno
539 320 677 382 morbum
695 319 779 380 alunt
801 314 972 380 sustinendi·
994 323 1083 378 eruut
1106 315 1188 377 cibis

433 411 526 471 firmis
548 417 579 470 et
600 409 770 490 glutinosis,
794 407 896 469 avibus
914 405 1088 487 pinguibus,
1111 423 1185 484 ope-

338 541 339 544 *
433 499 518 560 ribus
545 499 678 577 pistoriis
706 498 774 577 plus
802 513 897 576 aequo
924 495 1057 575 melitio,
1091 501 1186 574 prout

432 589 584 668 patientur
607 585 770 646 facultates

318 687 405 750 ao,oo.
499 673 650 736 Vomicam
673 682 755 735 sanat
778 673 915 753 privatim
937 671 967 735 id
985 669 1044 733 mel
1067 674 1098 732 in
1122 685 1216 750 quos

345 769 361 802 *
433 767 494 826 sint
516 781 586 844 apes
610 763 790 824 demortuae.
828 761 864 822 ad
886 761 966 820 hunc
986 767 1086 820 autem
1103 777 1185 819 mor-

169 854 274 922 (Mcrc.
288 871 319 924 p.
336 855 406 923 125.)
433 853 506 913 bum
533 845 603 913 facit
631 854 741 932 optime
767 852 850 930 potio
877 849 965 910 haec:
997 865 1086 908 ovum
1114 866 1185 908 cru-

434 939 506 1003 dum
533 941 564 999 in
592 957 661 999 vaso
689 937 837 1020 funditur,
868 945 1010 1017 putamen
1042 939 1108 997 eius
1135 955 1185 996 re·

433 1029 534 1108 pletur
562 1045 634 1089 suco
666 1027 811 1088 marrubii
842 1033 931 1105 atque
959 1027 990 1086 in
1021 1023 1100 1085 idem
1131 1043 1186 1086 vas

435 1119 574 1197 coicitur,
604 1118 677 1176 item
708 1113 842 1195 repletur
873 1113 960 1174 melle
989 1120 1018 1200 et
1046 1111 1185 1173 similiter
1200 1127 1231 1167 ιο

434 1203 477 1266 ibi
504 1201 654 1284 adicitur‚'
680 1210 710 1263 et
741 1205 782 1263 ita
809 1203 955 1282 permixta
982 1201 1183 1278 calefactaque

435 1292 471 1352 ad
494 1300 630 1374 teporem
652 1289 725 1352 haec
743 1291 847 1352 hausta
867 1292 1011 1351 vomicam
1028 1296 1186 1372 rumpunt1

435 1387 576 1462 purgant,
600 1381 637 1442 ad
660 1381 816 1440 sanitatem
838 1378 1016 1458 perducunt.

502 1467 586 1530 Multi
608 1468 717 1544 medici
740 1486 772 1528 se
795 1463 927 1528 medicos
945 1466 1102 1528 adversum
1124 1465 1184 1534 hoe

434 1558 545 1619 malum
567 1575 628 1617 nou
650 1557 813 1616 inveniunt.
850 1573 905 1634 ego
926 1561 1007 1616 certe
1026 1556 1089 1614 scio
1111 1571 1182 1613 raro
1199 1567 1229 1607 15

435 1662 613 1725 quemquam
636 1644 706 1704 huic
729 1645 806 1724 pesti
834 1649 972 1723 ereptum
995 1645 1047 1720 qui
1069 1660 1101 1702 se
1123 1641 1184 1702 illis

435 1731 619 1794 credidisset.
651 1749 756 1792 verum
774 1734 814 1792 ita
829 1733 942 1792 curatio
963 1733 1027 1792 eius
1046 1729 1185 1809 expedita

434 1828 481 1882 est
517 1827 552 1881 ut
588 1821 677 1883 etiam
707 1819 806 1882 hieme
842 1821 1006 1898 asperrima
1042 1817 1185 1896 explicari

433 1910 529 1989 possit
537 1910 616 1970 intra
626 1908 705 1969 diem
719 1907 987 1988 quadragesimum,
1001 1925 1071 1970 vere
1083 1913 1184 1966 autem

433 1996 481 2079 vel
503 2003 615 2064 aestate
632 1995 769 2058 breviore
788 2003 935 2075 tempore.
970 1995 1061 2074 aliqui
1083 2002 1185 2058 tameu
1199 2007 1230 2048 so

346 2091 361 2125 *
434 2087 531 2146 curati
552 2092 623 2146 suut
644 2087 723 2146 iutra
749 2085 939 2164 praefinitum
961 2090 1080 2163 tempus
1104 2099 1185 2144 oom-

239 2176 343 2244 (Morc.
357 2177 405 2244 to.)
433 2175 581 2254 positione
606 2191 641 2234 ea
668 2191 745 2252 queo
771 2173 849 2234 intra
876 2174 986 2252 scripta
1009 2179 1070 2234 est:
1101 2188 1185 2234 mau-

435 2261 577 2339 dragorae
595 2261 765 2342 hyoscyami
783 2263 844 2340 opii
864 2262 942 2323 turis
961 2262 1043 2322 croci
1064 2258 1187 2339 madius

237 2569 554 2654 leruntpbrwsuntd.
622 2569 759 2626 osanant
775 2587 802 2640 q.
827 2572 832 2640 1
855 2569 886 2624 id
904 2569 961 2625 mel
979 2569 1011 2625 d:
1028 2569 1188 2639 idest(‘)

166 2639 223 2695 mel
240 2656 265 2713 9.
339 2645 393 2696 or.
412 2659 438 2711 q.
458 2639 603 2696 demortuo
626 2656 694 2765 apes
713 2643 779 2696 sunt
796 2643 823 2697 d.
895 2645 998 2696 evaso
1015 2655 1046 2709 q:
1069 2657 1138 2696 vase
1156 2643 1185 2698 o.

202 2711 357 2770 omousii
374 2727 405 2782 q:
424 2710 545 2768 mambii
563 2713 589 2767 ct.
613 2713 618 2782 1
653 2730 671 2766 n
689 2711 765 2766 idem
784 2729 833 2768 vas
852 2709 970 2768 coicitur
986 2727 1018 2780 9²
1036 2711 1066 2766 iu
1084 2711 1186 2766 eodem

165 2795 232 2835 vase
252 2783 388 2838 conicitur
406 2785 433 2839 ct.
485 2787 517 2836 11
536 2782 690 2854 permixtus
710 2781 917 2850 calefactosque
936 2779 1140 2852 (collectusque
1155 2781 1186 2850 d)

165 2851 208 2919 qd
227 2851 273 2918 (cf.
293 2851 385 2908 Marc.
399 2871 430 2922 p.
452 2857 515 2908 125:
536 2853 630 2908 omnia
647 2853 717 2908 haee
735 2853 766 2908 in
784 2869 813 2908 ee
830 2851 1035 2924 permiscentur
1052 2867 1086 2907 ac
1104 2853 1186 2924 tepe-

165 2919 243 3002 facta
260 2921 439 2990 hauriuntur,
457 2925 529 2980 miro
547 2925 632 2980 modo
650 2924 774 2980 vomicas
792 2925 927 2994 rumpunt
944 2925 1011 2992 etc).
1072 2927 1107 2977 tt
1126 2939 1186 2978 cre-

166 2990 301 3047 didissent
323 2993 350 3047 d.
375 2993 380 3062 Ι
408 2993 514 3049 Verum
537 2994 644 3051 curatio
667 2994 727 3050 eius
749 2995 792 3049 ite
815 3011 875 3063 exp.
895 3010 919 3048 e.
943 2994 969 3048 d.
1051 2997 1084 3048 19
1108 2991 1187 3048 iutra

168 3059 229 3144 dies
248 3082 297 3118 aa.
317 3063 344 3118 d.
405 3069 441 3119 20
459 3064 547 3134 aliqui
565 3067 661 3120 tamen
674 3083 702 3120 r:
721 3064 839 3138 Aliquot
857 3064 1087 3134 (commotione
1101 3077 1186 3134 proe-

165 3146 250 3186 mura
275 3148 305 3204 p,
338 3133 446 3204 aliquot
472 3137 532 3190 etue
553 3138 652 3206 interp.
676 3137 705 3206 ct)
738 3151 755 3190 a
782 3151 827 3190 me
853 3135 903 3206 pel.
976 3140 1009 3188 21
1034 3133 1112 3190 intra
1132 3135 1186 3190 rb:

168 3201 242 3258 intra
254 3203 304 3288 pet:
378 3210 412 3258 22
430 3205 633 3331 Mandragorae
651 3205 760 3276 pondus
779 3205 887 3260 denarii
914 3206 944 3274 (o
962 3221 1015 3276 quo
1036 3205 1139 3273 incipit
1156 3208 1185 3276 q)

162 3279 227 3342 poet
249 3277 320 3332 tuns
338 3293 366 3347 p.
386 3275 412 3336 d.
431 3276 518 3342 infert
561 3318 567 3331 .
600 3282 714 3332 ceteram
732 3281 798 3345 poet
818 3275 944 3345 stupetur
965 3277 1065 3346 spectes
1092 3277 1187 3345 (qain-

165 3345 240 3412 qae'ee
253 3347 351 3418 icitur)
360 3347 402 3418 pel
416 3344 525 3402 adduct
539 3353 715 3432 repetamque
723 3347 805 3400 cabo
818 3347 928 3415 pondus
942 3345 1051 3403 denarii
1064 3345 1135 3416 (deu.
1145 3347 1187 3416 d),

166 3429 235 3480 quoe
248 3417 397 3473 mutuenda
410 3433 464 3472 eoae
481 3417 558 3472 occec
570 3435 594 3474 o.
610 3424 645 3473 20
659 3417 833 3486 singulorum
848 3417 905 3486 (scd
918 3417 952 3483 cf.
965 3415 1057 3470 Marc.
1067 3433 1098 3486 p.
1111 3419 1186 3486 125).

203 3488 236 3537 23
256 3487 326 3555 opii:
346 3487 515 3558 opopanacis
536 3487 628 3544 Marc.
648 3488 708 3556 (qai
720 3491 865 3556 praetcrea
882 3487 963 3542 adcor
979 3488 1109 3555 myrrae).
