2588 3886
544 207 786 272 -166-

270 387 407 431 mensura
431 368 589 432 concludit.
631 369 663 430 tit
686 387 723 430 cx
751 370 846 448 sinapi
874 367 973 429 oleum
995 369 1108 429 semine
1133 370 1180 429 in-

269 461 348 540 iuso,
389 457 559 521 lumborum
595 455 747 518 doloribus
785 465 814 518 et
851 459 951 518 nervis
987 456 1181 537 torpentibus

269 565 480 609 necessarlum.

172 737 259 874 {3232
336 749 443 806 XXX.
474 749 524 806 Do
547 747 727 804 cauliculo.

337 865 409 928 Cato
441 866 531 928 tradit
563 867 707 946 populum
744 884 900 928 romanum
932 868 1080 928 sexcentis
1114 867 1180 928 sere

207 962 222 994 *
268 957 352 1017 annis
381 955 528 1017 medicina
554 954 704 1016 brassicae
736 974 833 1017 usum.
874 956 1006 1016 nondum
1035 956 1116 1016 enim
1146 957 1210 1016 in⁵

267 1043 373 1105 urbem
397 1052 633 1106 commeaverant
655 1043 775 1126 medici,
803 1046 855 1124 qui
882 1045 913 1104 in
936 1052 1031 1105 artem
1054 1043 1178 1124 redege-

268 1139 339 1193 runt
361 1132 608 1212 quemadmodum
630 1151 736 1212 magno
757 1135 868 1194 sanitas
890 1140 1020 1213 constet,
1042 1140 1073 1195 et
1090 1150 1178 1212 pere-

267 1223 351 1300 grina
374 1223 524 1300 pigmenta
547 1239 650 1282 secum
673 1221 838 1284 attulerunt
861 1229 895 1283 ut
916 1221 974 1282 illis
997 1223 1180 1302 inponerent
1291 1259 1292 1292 1

267 1312 363 1390 pretia
387 1328 462 1389 qnae
486 1309 602 1371 vellent.
640 1318 773 1372 ceterum
792 1311 934 1372 militares
953 1312 1010 1371 viri
1032 1309 1179 1389 gloriosas

268 1400 423 1460 cicatrices
446 1401 574 1479 gratuito
598 1399 699 1460 holere
718 1399 875 1480 curabant,
898 1399 1003 1483 codem
1021 1399 1109 1460 horto
1128 1401 1225 1460 nsi10

198 1505 203 1510 ·
268 1487 464 1550 adsalutem:
487 1488 558 1550 dum
576 1488 642 1548 ilios
663 1489 770 1570 pascit,
794 1496 824 1550 et
839 1496 930 1550 sanat.
957 1506 1065 1568 ponam
1078 1489 1178 1568 primo

268 1579 300 1638 in
323 1576 388 1638 ioco
412 1577 661 1639 medicamentum
684 1596 716 1638 re
740 1595 810 1638 vera
831 1579 872 1638 ita
895 1576 1104 1656 appellandum
1123 1575 1178 1637 Ca-

268 1667 348 1726 tonis
362 1665 541 1749 antidotum,
565 1666 644 1745 quod
663 1665 712 1727 ilic
732 1684 769 1727 ex
787 1665 919 1726 brassica
937 1664 1179 1746 componendum

267 1757 382 1833 putavit
409 1753 504 1815 dolori
532 1757 650 1836 capitiS,
682 1755 837 1816 oculorum
865 1755 995 1836 caligini,
1023 1753 1179 1816 stomacho

269 1850 299 1903 ct
326 1842 509 1921 praecordiis
535 1844 735 1923 profuturum.
777 1844 900 1905 crudam
928 1862 997 1904 cum
1024 1842 1223 1904 coliandr01⁵

269 1938 299 1991 ct
326 1939 393 1992 ruta
420 1939 451 1992 et
478 1940 578 1993 menta
608 1940 638 1993 et
667 1931 806 1994 radiculis
838 1932 943 1994 laseris
971 1951 1007 1993 ex
1035 1941 1119 1993 aceto
1149 1942 1181 1992 et

270 2019 355 2079 meite
384 2023 500 2081 conteri
527 2020 610 2083 iubet
638 2040 671 2082 ac
700 2039 784 2082 mane
815 2024 923 2082 ieiunis
953 2021 1082 2083 duorum
1112 2039 1179 2081 ace-

269 2107 438 2169 tabulorum
457 2127 597 2171 mensura
614 2112 776 2189 propinari.
812 2118 947 2171 ceterum
969 2108 1102 2170 brassica
1121 2109 1179 2170 hoc

269 2196 356 2258 modo
377 2208 474 2258 curat:
498 2198 670 2260 vulneribus
689 2217 748 2259 non
767 2198 864 2282 solum
882 2197 1054 2260 recentibus
1073 2216 1180 2258 verum

443 2373 484 2386 ¹...-

189 2431 243 2499 (62)
334 2426 432 2502 Sinape
448 2427 562 2484 calidum
579 2437 665 2486 estet
684 2431 820 2503 egeritur,
843 2429 891 2485 sed
914 2421 1009 2504 <boc>
1032 2428 1179 2502 restringit
1194 2438 1224 2476 20

271 2513 386 2568 urinam.
423 2528 517 2569 semen
540 2513 597 2568 cius
622 2515 714 2570 tritum
737 2529 798 2570 cum
820 2512 900 2569 melle
922 2520 950 2569 et
965 2521 1042 2569 aceto
1064 2513 1180 2570 mixtum

270 2604 352 2671 caput
365 2603 465 2672 purgat
481 2598 688 2672 gargarizatum.
717 2598 857 2655 stomacho
873 2598 1038 2654 contrarium
1053 2597 1181 2668 crudum,

271 2688 379 2738 coctum
401 2698 464 2738 cum
486 2681 560 2738 olere
582 2683 654 2738 iuvat
669 2683 847 2740 stomachum.
885 2697 978 2738 semen
1000 2682 1059 2737 eius
1082 2683 1181 2739 tritum

270 2783 331 2822 cum
355 2774 432 2823 aceto
454 2768 622 2840 serpentium
645 2767 755 2824 vulnera
777 2774 862 2824 curat.

270 2885 483 2894 w-—w

236 2990 250 3038 1
269 2983 371 3055 Fitque
388 2987 433 3042 rb.
454 2988 459 3056 Ι
484 2985 576 3056 sinapi
594 2987 643 3041 rb:
670 2986 766 3056 sinape
785 2987 849 3056 (bic)
863 3001 915 3056 po,
934 2985 1049 3056 synapis
1069 2985 1087 3040 i.
1108 2988 1113 3055 t
1138 2985 1182 3039 in·

163 3055 255 3108 susum
274 3056 292 3111 i.
347 3058 516 3114 trescentis
534 3059 574 3112 ot.
626 3063 642 3112 6
661 3057 758 3112 urbem
776 3058 825 3112 rb:
844 3057 914 3113 urbo
931 3059 994 3126 yut.
1015 3059 1020 3126 Ι
1041 3071 1181 3112 commea·

163 3127 262 3180 verant
283 3127 390 3196 o(rb):
418 3130 680 3185 commovesveramt
702 3130 725 3198 t,
757 3135 933 3184 commearet
958 3129 1102 3197 (-verunt)
1126 3143 1153 3197 9.
1176 3127 1180 3198 Ι

163 3198 253 3252 artem
271 3199 321 3253 rb:
343 3201 404 3254 arte
421 3200 484 3268 pot.
505 3201 510 3266 Ι
534 3199 677 3256 redierunt
695 3201 712 3256 i.
772 3206 911 3270 ‘tmegna
928 3200 946 3254 i.
1002 3205 1018 3254 8
1037 3215 1063 3268 p.
1084 3215 1182 3253 secum

163 3268 309 3338 pigmenta
326 3271 370 3324 rb.
431 3276 466 3326 10
484 3270 566 3326 horto
584 3271 657 3339 (orto
675 3274 703 3341 9)
727 3271 772 3326 usi
788 3271 855 3341 pot:
878 3273 961 3327 horto
985 3286 1053 3324 cura
1069 3269 1116 3324 usi
1133 3270 1178 3324 rb.

201 3346 234 3394 14
254 3341 355 3411 capitis
374 3341 465 3396 dolori
482 3341 527 3396 rb.
583 3347 616 3398 15
636 3342 779 3398 coliandro
796 3344 863 3412 yut:
882 3341 1029 3398 coriandro
1047 3340 1085 3394 rb
1105 3341 1181 3408 (item

159 3426 190 3476 p.
212 3415 309 3480 loto).
379 3419 412 3470 tc
434 3412 531 3468 laseris
553 3414 619 3482 poi:
642 3413 755 3468 lasseris
774 3414 813 3482 1⁶,
837 3412 935 3470 laseris
953 3413 998 3467 rb.
1069 3416 1102 3464 17
1122 3409 1180 3466 aci-

165 3480 324 3538 tabulornm
343 3485 360 3540 t.
421 3488 455 3540 18
475 3485 599 3538 cetarum
616 3485 689 3554 yet:
719 3483 869 3540 cerebrum
887 3485 911 3550 i,
933 3482 976 3538 De
995 3482 1089 3554 cetero
1107 3497 1132 3536 r.

165 3555 198 3603 19
218 3556 298 3609 curat
314 3557 380 3624 pei:
400 3570 499 3609 curans
517 3555 562 3611 rb.
579 3556 584 3624 Ι
604 3571 702 3610 verum
719 3555 831 3624 oi(rb):
851 3554 900 3609 sed
916 3571 942 3624 p.
