2588 3886
564 115 631 188 ’-
679 144 743 208 190
789 181 831 190 -

228 300 275 366 (D.
304 324 359 386 per
386 305 443 366 hoc
471 307 626 386 stypticam
652 309 752 368 inesse
779 308 970 370 manifestum
998 319 1056 388 est,
1084 308 1203 387 deinque

201 373 290 440 ¹¹¹⁶⁶l
306 393 538 475 praegnantibus
564 395 682 456 fastidio
710 394 912 457 laborantibus
935 399 1001 458 osui
1028 396 1130 459 datum
1151 406 1204 458 sto·

244 490 260 523 *
306 483 443 546 maehum
471 502 488 543 a
516 487 619 546 nausia
650 484 787 546 vindicat.
829 487 935 546 tritum
970 492 1000 546 et
1030 487 1063 548 in
1092 487 1204 564 potione

306 574 367 633 vini
390 571 491 633 datum
513 571 585 633 lieni
607 573 758 654 medetur,
785 572 916 652 querelis
942 575 1051 636 iecoris
1074 576 1206 654 occurrit,

306 679 382 740 aqua
404 663 510 722 tritum
532 669 563 722 et
584 664 754 742 inspersum
773 661 881 724 umidis
898 661 1074 724 vulneribus
1096 661 1226 724 adhibe-⁵

306 756 365 810 tur.
406 750 475 812 inde
502 749 698 829 pernionibus
725 769 762 812 ex
788 768 824 810 ea
855 750 1004 830 singulare
1031 751 1206 831 praesidium

244 843 260 876 ⁸⁸
306 846 360 900 est.
388 839 494 899 cortici
508 841 655 900 austerior
669 848 774 902 natura
788 855 931 900 concessa
952 847 1013 921 est,
1031 857 1108 919 qnae
1123 857 1205 918 quan·

218 919 291 986 (Gal
310 934 376 987 tum
402 927 496 988 valeat
523 930 613 988 etiam
639 928 676 989 de
708 930 773 1008 ipso
801 927 892 988 odore
921 934 1059 991 testatur.
1100 927 1205 990 modice

222 992 239 1045 ι’
254 993 287 1061 ⁶·)
310 1021 447 1094 sumptus
470 1024 521 1077 aut
543 1019 657 1095 potioni
679 1016 790 1076 calidae
818 1015 930 1077 diutius
952 1018 1103 1078 inmersus
1125 1017 1205 1078 bene·

307 1104 372 1163 ficia
386 1110 519 1165 maturae
534 1104 708 1183 digestionis
721 1112 871 1183 operatur.
900 1105 1125 1167 medicamentis
1138 1122 1205 1184 quae
1217 1115 1235 1154 1⁰

306 1191 460 1270 purgando
487 1194 586 1253 ventri
612 1200 828 1272 praeparantur
855 1211 946 1254 sucus
973 1196 1040 1255 eius
1068 1193 1205 1256 admixtus

306 1278 485 1341 turbationis
507 1281 675 1360 periculum
698 1281 798 1342 demit.

244 1373 259 1407 *
280 1435 283 1442 ,
371 1368 420 1429 Fit
438 1386 473 1429 er
492 1371 579 1430 citrio
597 1369 696 1430 nobile
717 1369 882 1430 antidotum
900 1371 1113 1453 tussientibus,
1136 1367 1204 1450 quod
1267 1377 1268 1418 i

306 1459 413 1518 eximie
449 1466 555 1537 pectus
587 1465 736 1519 exonerat.
782 1458 950 1536 diaprasion
982 1459 1106 1538 quidem
1127 1456 1205 1538 'apud

306 1544 438 1606 medicos
470 1546 526 1607 hoc
554 1555 689 1629 vocatur,
722 1546 773 1607 sed
801 1549 932 1608 hraxima
959 1549 1056 1609 virtus
1089 1550 1151 1608 eius
1178 1547 1235 1604 in15

230 1673 234 1683 -
306 1636 392 1694 citrio
416 1638 578 1696 constituta
601 1645 655 1697 est.
692 1636 723 1696 id
745 1637 825 1697 varie
849 1635 970 1714 quidem
993 1637 1073 1716 apud
1096 1635 1204 1712 multos,

305 1740 410 1782 verum
438 1723 588 1802 explorata
615 1732 646 1784 et
674 1731 792 1804 recepta
826 1725 972 1785 eiusmodi
1000 1725 1204 1805 compositione

308 1810 473 1873 coniicitur.
502 1812 643 1872 citrii'*
659 1827 710 1894 vl,
733 1811 877 1874 marrubii
898 1845 936 1855 -
958 1827 984 1896 Ι,
1006 1813 1114 1894 hysopi
1133 1845 1168 1855 —
1186 1823 1204 1889 i,

307 1898 404 1960 inulae
428 1931 472 1942 —
495 1915 521 1982 1,
553 1900 735 1982 glycyrhizae
763 1935 806 1944 -
829 1915 855 1983 1,
888 1903 969 1963 iunci
995 1903 1106 1964 radicis
1131 1933 1166 1946 -
1186 1912 1204 1977 1,

306 1987 388 2067 pulei
411 1988 447 2050 ic.
466 1989 517 2071 ui,
539 1992 618 2050 roris
637 1993 744 2051 marini
764 1991 807 2050 sc.
827 2003 877 2071 vl,
899 1992 987 2070 pinea
1009 1992 1125 2071 integra
1145 1997 1234 2065 unali

306 2075 452 2156 palmulae
479 2085 576 2139 tostae
604 2093 680 2161 xxi,
713 2082 826 2140 caricae
849 2091 926 2140 xxi:
958 2078 1032 2140 haec
1060 2081 1155 2140 omnia
1178 2077 1203 2133 in

307 2181 413 2244 aquam
441 2166 591 2229 fontanam
618 2168 817 2230 intunduntur
845 2175 876 2228 et
906 2167 948 2228 ibi
979 2166 1028 2229 die
1062 2186 1096 2228 ac
1126 2171 1203 2226 nocte
1268 2223 1269 2270 1

274 2428 287 2476 1
308 2422 429 2494 deinque
443 2440 502 2494 epo:
531 2424 652 2494 deniqne
669 2427 704 2496 pl
715 2427 781 2497 (rb).
805 2429 839 2494 cf.
859 2444 883 2482 v.
903 2433 919 2482 6
937 2427 1010 2482 inde.
1079 2431 1095 2480 2
1115 2423 1203 2478 Somou

199 2494 422 2564 praegnantibus
441 2500 470 2551 et
487 2496 507 2550 f.
530 2497 571 2552 stc
587 2497 688 2566 incepit
705 2499 733 2553 d.
754 2500 759 2567 1
784 2497 862 2554 sesni
879 2515 905 2568 9.
968 2504 985 2552 4
1004 2495 1135 2566 querellis
1149 2507 1172 2561 p.

200 2570 216 2619 6
238 2580 271 2619 ex
290 2581 324 2622 ea
340 2567 410 2636 pld:
430 2582 480 2622 orn.
499 2569 545 2622 rb.
562 2570 566 2636 Ι
582 2568 766 2637 praesidium
785 2568 939 2624 remedium
956 2585 980 2624 r.
1036 2572 1131 2622 't—to
1147 2565 1203 2644 boet

200 2640 342 2692 contacto
359 2638 425 2693 iod
442 2636 543 2694 Cortex
561 2638 624 2694 citri
642 2657 679 2696 na
695 2639 751 2710 dig.
765 2639 856 2696 benet.
875 2642 1014 2710 operatur.
1069 2645 1086 2696 8
1103 2637 1202 2702 de1ps0

200 2706 285 2762 odore
298 2709 331 2777 pl
341 2709 417 2778 (bm):
436 2707 447 2762 i
467 2725 497 2764 ιο
511 2710 608 2765 dolore
622 2710 667 2765 rb.
684 2712 688 2778 Ι
704 2710 754 2780 qui
771 2711 881 2766 modice
894 2711 940 2766 rb.
986 2717 1002 2764 9
1016 2707 1175 2766 beneficium
1187 2702 1201 2754 l·

236 2783 270 2832 10
294 2781 422 2834 moturae
445 2727 502 2850 dig.
526 2780 660 2836 beneficia
683 2783 727 2836 rb.
791 2788 823 2836 13
842 2781 890 2837 Fit
907 2786 954 2837 etc.
977 2781 1043 2836 tace
1065 2797 1113 2835 om.
1131 2777 1155 2831 d.

202 2853 235 2901 14
250 2848 404 2905 exhonorat
416 2851 458 2919 pl.
475 2853 480 2919 1
495 2850 704 2922 Di(y)eprasion
718 2852 832 2921 quidem
845 2853 891 2922 pl:
910 2852 1065 2920 tabremon,
1080 2847 1151 2932 quod
1162 2843 1201 2898 rb·

235 2923 268 2972 15
291 2919 414 2974 maxima
425 2922 493 3048 ζεῖν
511 2938 569 2977 ·mo
585 2924 631 2977 rb.
705 2928 738 2977 18
767 2922 928 2978 conficietur
951 2924 968 2977 l.
990 2926 994 2987 Ι
1020 2921 1101 2977 Citrir
1118 2937 1158 2974 uu·
1178 2927 1201 2981 b

211 3058 218 3070 ⁸
467 2992 529 3063 cipe
543 2993 633 3063 cytrai
646 2993 741 3063 (cytrii
749 2996 774 3063 r)
788 2993 901 3050 uncim
914 3010 998 3050 unam
1008 2993 1053 3050 rb.
1070 2995 1074 3060 Ι
1088 2981 1200 3061 ysopidl

198 3061 283 3130 (mopi
299 3063 339 3130 r),
358 3061 472 3133 hyssopi
490 3065 514 3121 b.
567 3070 599 3119 19
614 3064 710 3122 inulae
723 3081 754 3134 ps
772 3065 878 3120 anulet
897 3065 1006 3136 (enulae
1024 3065 1079 3127 rbi·
1095 3064 1099 3130 Ι
1113 3059 1200 3130 gliti·

197 3130 291 3188 rhizno
310 3133 398 3201 (Ptin
418 3133 515 3205 duppe
553 3135 699 3204 licyrrizae
712 3152 743 3205 9,
761 3135 907 3205 glycyrece
921 3137 944 3205 l,
962 3135 1110 3218 'glyciriaao
1126 3129 1167 3184 rb·

197 3208 231 3258 20
250 3201 331 3260 Pure
349 3210 379 3260 m
397 3225 434 3260 n.
452 3221 520 3288 pap
551 3208 589 3261 en
607 3209 659 3261 sm.
677 3227 714 3262 η
734 3207 751 3264 ι.
773 3209 778 3276 y
800 3206 882 3262 nona
898 3222 1001 3262 marm
1019 3209 1049 3262 sa
1066 3225 1094 3262 π
1109 3196 1198 3272 otrih

196 3290 246 3329 om.
266 3277 284 3330 l.
301 3279 306 3342 1
321 3275 433 3345 pineam
450 3277 592 3348 mtegram
609 3293 695 3332 onam
712 3279 750 3346 (a.
769 3277 800 3346 l).
836 3277 979 3334 Peimulea
1001 3280 1088 3336 usne
1106 3269 1198 3341 (⁰⁰llas

196 3344 321 3414 atym.
351 3345 662 3418 cnumsanytpo).
695 3335 922 3409 demtum.
968 3354 1001 3403 21
1020 3336 1197 3410 Haeclfliill

195 3417 240 3541 og:
263 3433 336 3542 pune
349 3420 398 3544 gb.
418 3420 424 3488 Ι
448 3417 478 3474 in
501 3435 575 3489 aqna
596 3419 713 3476 lontano
728 3419 836 3491 plot).
901 3426 935 3476 22
959 3417 1136 3476 infunduntur
1155 3407 1196 3478 9²²

198 3503 264 3542 -an
278 3506 344 3544 urr
367 3531 374 3544 .

199 2988 275 3045 cittii
283 2991 319 3057 ᾡ
329 3009 374 3046 Νι.
386 2991 409 3048 l:
