2588 3886
463 181 706 248 -195-

70 347 201 426 outiunt,
226 344 397 426 efficacius,
420 345 447 404 si
469 347 513 405 eis
535 347 649 406 nitrum
671 345 718 406 vel
740 345 793 405 iris
817 348 985 407 accesserit.

70 442 170 495 coctae
199 449 240 494 ex
270 448 351 512 aqua
378 449 448 493 cnm
479 432 592 513 hysopo
624 433 695 495 dant
726 435 878 512 potionem
910 453 986 513 quae

68 530 172 601 pectus
192 529 356 602 expurget.
390 524 463 582 item
481 531 584 583 coemo
603 541 672 584 cum
689 525 759 583 vino
777 521 841 582 sedi
858 525 987 584 tumenti

68 619 221 690 praestant
246 609 380 672 salutare
403 611 577 671 lomentum.
612 613 693 690 ipsae
716 627 815 689 panno
837 609 937 671 inlitae
957 619 988 671 et

46 701 214 778 sinpositae
248 699 406 779 paniculas
442 699 592 778 parotidas
626 698 802 759 furunculos
834 707 986 778 rumpunt.

69 789 137 847 item
160 791 234 849 cum
264 788 337 848 leno
361 805 467 866 graeco
491 805 527 847 ex
550 805 626 866 aqua
653 786 793 851 decoctae
822 787 988 848 lomentum

69 875 180 937 iaciunt
204 875 293 956 quod
316 879 469 956 extinguat
490 877 560 936 vitia
581 877 752 956 matricum,
775 893 843 936 cum
866 882 934 936 ruta
958 884 988 936 et

70 963 152 1024 melle
177 963 254 1025 dant
279 982 387 1026 sucum
410 965 462 1042 qni
485 982 501 1023 a
523 963 696 1043 pleureticis
726 972 756 1026 et
782 962 922 1045 pulmone
946 967 986 1024 vi-

70 1052 146 1113 tiatis
166 1051 337 1113 salubriter
359 1051 524 1112 hauriatur.
561 1070 630 1114 eum
648 1055 726 1113 aeris
748 1053 822 1114 llore
841 1055 986 1115 contritae

40 1153 59 1189 1⁰
71 1141 295 1202 molestissimis
318 1139 459 1201 tibiarum
477 1140 651 1202 vulneribus
672 1144 865 1221 inponuntur.
898 1144 985 1203 tritae

72 1246 135 1294 cum
164 1230 228 1290 sale
259 1230 454 1308 scorpionum
486 1229 580 1309 plagis
614 1230 780 1292 medentur.
822 1229 986 1292 canceratis

72 1326 180 1394 quanto
210 1319 392 1398 pinguiores
418 1317 531 1378 suerint
559 1319 646 1379 tritae
672 1327 706 1379 et
732 1321 877 1399 inpositae
904 1327 985 1380 tanto

132 1563 265 1622 Ficorum
294 1571 391 1620 natura
420 1563 578 1621 calidissima
595 1561 597 1564 ’
612 1573 663 1624 est.
711 1564 779 1622 licus
807 1567 906 1624 virides
934 1567 984 1623 bu·
1003 1533 1060 1650 (to)

74 1658 189 1706 metunt
212 1659 242 1707 et
265 1647 405 1728 deducunt
428 1657 455 1705 et
483 1647 654 1706 calelaeinnt.
691 1647 849 1708 humectant
878 1651 986 1724 quidem

43 1741 61 1778 15
75 1734 131 1804 qnia
155 1727 257 1809 pingui
280 1749 348 1789 suco
363 1742 443 1805 sunt,
465 1725 627 1790 calefaciunt
641 1741 730 1790 autem
746 1743 860 1810 propter
881 1753 985 1793 sucum.

75 1826 225 1890 egeruntur
235 1819 318 1876 etiam
330 1816 473 1875 dulcedine
488 1819 619 1890 ipsornnr.
648 1821 728 1893 primi
740 1837 807 1895 ergo
824 1821 870 1894 qui
886 1819 988 1878 luerint

75 1903 181 1971 pessimi
203 1911 273 1960 sunt
295 1909 409 1976 propter
430 1902 537 1958 nimiam
559 1905 762 1976 austeritatem,
785 1905 987 1980 subsequentes

76 1985 198 2044 meliores
214 1995 292 2044 sunt.
322 1986 386 2042 sicci
401 1985 555 2044 calidissimi
572 1996 652 2059 sunt,
667 1988 715 2044 sed
731 1981 892 2062 egeruntur.
923 1991 986 2048 sicci

76 2072 142 2126 cocti
169 2073 198 2128 in
229 2088 302 2146 aqua
332 2087 393 2128 cum
420 2087 507 2145 ysopo
535 2073 625 2126 omnia
653 2071 814 2145 pulmonum
836 2074 898 2130 vitia
925 2089 986 2130 cum

46 2155 143 2210 retuso
165 2163 276 2214 curant.
316 2155 447 2212 triticum
470 2153 550 2211 melle
565 2155 748 2213 carbunculos
770 2157 812 2214 vel
828 2157 919 2213 ulcera
941 2173 988 2214 cu·

78 2246 143 2294 rant.
180 2242 292 2298 inlusus
314 2240 343 2296 in
365 2239 451 2296 mulsa
473 2237 572 2312 pedum
593 2239 734 2297 doloribus
749 2257 810 2299 cum
832 2241 987 2318 podagricis
1064 2243 1067 2250 ’
1144 2227 1150 2240 ’

79 2322 200 2390 prodest.

450 2404 611 2418 m

140 2473 189 2526 De
208 2489 286 2528 uve.
1004 2492 1062 2561 (ῃ)

122 2565 193 2624 ilva
209 2569 296 2626 calida
310 2576 353 2626 est
375 2576 403 2624 et
425 2568 533 2626 humida
548 2579 576 2628 et
598 2571 729 2646 egeritur.
765 2571 880 2627 maxima
894 2577 984 2626 autem

80 2646 133 2704 alba
156 2669 225 2726 quae
248 2653 332 2711 luerit
353 2652 474 2711 calefacit
495 2654 619 2729 sortiter,
642 2656 703 2716 ideo
726 2656 788 2729 quia
804 2654 920 2711 multum
942 2669 983 2710 ca-

80 2777 288 2796 κ...-

96 2947 111 2964 ,1
145 2890 334 2948 llllfieacins
355 2891 451 2946 autem
479 2890 693 2957 si...t(ooo
714 2890 847 2961 ootlsi
865 2889 906 2945 eis
923 2890 991 2961 pol:
1019 2890 1092 2946 siin

81 2961 181 3044 turb,
200 2961 344 3034 alimum)
362 2962 406 3016 eia
423 2961 545 3030 dliris
564 2962 654 3085 pald:
672 2962 729 3032 pris
746 2978 774 3029 r,
793 2961 870 3030 hyris
889 2963 914 3017 b.
969 2968 1091 3033 tysopo

79 3027 129 3090 tvl
146 3032 234 3103 (asopo
252 3037 292 3103 r):
315 3033 437 3103 hyssopo
456 3032 480 3088 b.
531 3039 547 3087 3
580 3034 639 3088 tem
656 3033 707 3088 rb:
732 3033 810 3088 ldem
827 3049 880 3102 qo,
903 3033 1009 3090 Eadem
1025 3032 1091 3105 ¹lde!

81 3096 135 3152 sedi
152 3119 202 3171 poa
220 3105 287 3175 pedi
305 3106 345 3162 td.
366 3107 372 3172 1
397 3103 526 3159 tumendi
544 3105 605 3174 (sic)
622 3121 648 3174 p.
703 3111 721 3158 4
738 3105 847 3174 prestat
864 3105 905 3161 ld.
962 3110 978 3159 5
996 3105 1092 3158 furun-

82 3167 153 3225 culos
170 3178 260 3244 pold:
284 3176 393 3246 leoque
411 3176 455 3230 rb.
476 3175 482 3247 Ι
505 3174 613 3245 rumpit
630 3176 670 3232 ld.
732 3175 896 3245 ditemque
913 3177 957 3231 rb.
980 3178 984 3244 Ι
1008 3175 1091 3230 foeno

81 3251 118 3304 ΒΥ·
135 3257 166 3312 9,
183 3246 248 3302 feno
266 3265 307 3318 gr.
326 3249 382 3302 old
400 3246 475 3316 (foen
547 3263 596 3302 eoo
609 3247 667 3316 rb).
712 3252 727 3301 7
748 3246 1091 3318 elinguemque:

82 3321 106 3360 v·
120 3327 159 3392 Jn.
176 3317 317 3388 extinguit
337 3319 382 3372 rb.
446 3323 462 3372 8
506 3319 556 3372 ant
579 3333 676 3372 sucum
698 3319 789 3386 pald:
817 3335 913 3373 sucum
936 3315 1091 3388 dentati

83 3393 133 3514 {pal
137 3401 174 3511 p
184 3407 222 3515 g
221 3389 328 3516 1Ξέιῃιίἷ)
341 3406 366 3444 o.
384 3387 521 3516 lwvitiepis
512 3389 630 3515 ntpcipi:
658 3387 736 3514 vigilis
755 3389 799 3444 rb.
838 3395 866 3516 be
886 3387 1090 3513 otrlrrltritaeclba)

85 3518 120 3576 lli
187 3478 365 3600 pubvgnlufit:
379 3533 420 3588 sic
429 3476 546 3600 (mileto
555 3460 867 3603 lmrgltlltdiwdlooe
877 3473 1092 3599 Pttatawalltll.

875 3619 929 3675 13*
