2640 3884
605 147 846 212 -148-

323 327 412 390 quam
444 325 548 370 semen
583 307 656 369 adeo
688 307 877 370 suavissimas
909 307 1007 370 reddit
1045 316 1078 370 nt
1110 308 1181 370 inde
1214 329 1230 370 a
1298 323 1299 358 t

323 398 443 460 Graecis
466 414 605 459 euzomos
626 398 777 458 nominata
798 398 846 458 sit.

388 527 462 584 Π.
493 527 543 583 De
566 537 708 597 pepone.

236 668 238 672 ,
261 636 276 670 *
387 627 511 689 llelonis
530 645 604 689 usus
626 634 673 688 est
696 626 816 705 quidem
835 627 959 706 gratior,
982 645 1087 688 varum
1109 627 1229 690 difficile

324 718 520 796 concoquitur
537 723 661 797 propter
679 713 844 777 naturalem
857 716 996 794 rigorem
1024 721 1054 776 ct
1074 716 1143 777 ideo
1156 734 1228 778 non-

323 804 397 867 nulli
424 823 493 866 cum
520 811 604 866 aceto
631 811 767 884 sumunt,
793 803 927 882 puleium
949 805 978 864 ei
1005 809 1035 864 et
1062 821 1152 883 cepas
1180 804 1253 865 ado

324 895 465 974 miscent,
488 910 548 973 quo
571 893 708 953 nocitura
729 893 774 952 ris
796 891 916 970 frigoris
939 897 1134 971 temperetur.
1299 959 1300 984 χ

245 978 291 1034 Pl.
389 980 470 1061 Pepo
484 982 515 1040 in
535 979 601 1040 cilio
615 979 717 1041 levior.
744 997 812 1040 nam
833 979 964 1040 detracta
978 987 1048 1041 cute
1062 997 1097 1041 ac
1115 983 1228 1044 semine
1299 989 1300 1056 t

233 1055 303 1118 ²⁰2⁶·
322 1069 437 1130 abiecto
452 1069 518 1130 esui
536 1066 622 1128 datus
640 1065 784 1129 stomachi
802 1068 964 1146 compescit
977 1067 1114 1149 ardores,
1132 1069 1227 1131 alvum
1299 1063 1300 1106 ἒ

321 1157 429 1218 leniter
448 1155 549 1217 mollit.
586 1163 689 1216 coctus
710 1174 747 1216 ex
765 1173 840 1236 aqua
863 1173 932 1217 cum
944 1155 1015 1216 oleo
1037 1163 1123 1218 aceto
1143 1158 1226 1218 melle

297 1315 298 1318 Ἴ
321 1245 533 1307 iucundissime
557 1245 693 1306 sumitur.
726 1261 795 1304 caro
814 1245 879 1305 eius
902 1245 1029 1323 inposita
1052 1243 1147 1306 fronti
1167 1245 1264 1324 glo-1⁰

239 1385 242 1392 .
320 1341 422 1396 rantes
445 1331 600 1395 oculorum
623 1333 752 1414 epiloras
771 1329 851 1393 'miro
869 1331 957 1393 modo
980 1334 1104 1412 mitigat.
1129 1333 1225 1395 ulcera

320 1425 352 1485 in
376 1421 497 1484 modum
519 1420 577 1482 lari
599 1429 753 1503 concreta,
781 1439 857 1500 quac
881 1423 962 1482 ceria
983 1420 1089 1482 Graeci
1112 1430 1226 1504 vocant,

320 1513 391 1574 trita
418 1510 517 1572 radice
548 1509 709 1590 polluntur.
755 1508 940 1589 adsignatum
967 1511 1072 1570 cortici
1101 1512 1168 1572 eius
1195 1518 1227 1572 ut

319 1599 450 1660 maculas
469 1616 505 1660 er
528 1597 602 1660 facio
621 1600 685 1660 sine
702 1599 780 1678 signi
796 1599 920 1677 vestigio
944 1595 1087 1659 donabat.
1124 1617 1227 1660 semen

319 1690 351 1748 in
373 1688 527 1767 pulverem
549 1705 669 1747 versum
691 1685 881 1766 lomentoque
903 1687 1085 1766 permixtum
1108 1687 1225 1749 nitidio·
1238 1699 1260 1738 ¹⁵

320 1793 384 1836 rem
407 1776 648 1862 feminiscutem
668 1781 809 1854 praestat.

246 1943 301 2011 (64)
405 1933 490 1990 llruca
516 1932 628 1991 calidam
654 1935 783 1990 mutem
810 1933 890 1990 habet
920 1939 950 1990 et
977 1934 1139 1997 causticam.
1171 1949 1227 1992 non

321 2026 410 2075 tamen
429 2019 541 2075 nimium
561 2025 685 2076 austerae
705 2019 861 2093 ignitasque
882 2017 989 2074 virtutis
1009 2024 1061 2074 est.
1099 2033 1227 2076 renuam

320 2105 434 2160 maxime
454 2102 576 2160 stimulat
597 2103 626 2159 iu
646 2100 708 2160 clho
729 2110 854 2176 sumpta,
876 2101 1044 2177 digestiones
1066 2101 1148 2175 iacit,
1172 2104 1227 2164 uri·

260 2235 263 2239 .
319 2203 382 2243 nam
405 2194 505 2244 movet.
539 2202 632 2243 semen
660 2187 718 2244 eius
746 2187 841 2243 tritum
863 2202 925 2244 cum
950 2187 1045 2260 pipere
1072 2193 1171 2260 potum
1193 2193 1263 2243 exta

321 2271 383 2326 vino
406 2285 530 2328 venerem
552 2277 651 2327 movet.

694 2352 853 2361 -ι

245 2419 301 2487 (50)
404 2403 478 2479 Papo
493 2414 536 2463 est
556 2407 669 2464 nimium
684 2407 817 2482 frigidus,
839 2403 949 2482 difficile
963 2406 1098 2482 digeritur
1113 2415 1228 2482 propter

321 2489 471 2548 naturalem
493 2491 621 2565 rigorem.
658 2489 720 2548 ideo
742 2490 867 2548 nonnulli
883 2505 945 2547 cum
966 2499 1044 2548 aceto
1060 2501 1228 2549 consumunt

321 2581 349 2631 et
370 2572 658 2649 consignandae,
681 2582 713 2632 ut
734 2590 817 2649 cepae
831 2581 878 2632 aut
892 2573 1029 2650 puleium,
1051 2576 1227 2651 permiscent.

322 2675 415 2716 carnes
431 2659 488 2715 elus
504 2658 646 2716 oculorum
662 2658 796 2716 terrorem
811 2658 923 2717 tollunt.
953 2675 1045 2718 seman
1057 2662 1117 2717 eius
1132 2661 1227 2718 tritum
1240 2669 1262 2710 2⁵

321 2761 382 2801 cum
397 2745 460 2800 vino
475 2752 571 2818 potum
593 2745 688 2800 canino
703 2744 808 2800 morsui
829 2743 964 2802 subvenit.
993 2744 1139 2819 mingitur,
1163 2759 1228 2820 ege·

321 2829 391 2882 ritur
413 2835 441 2884 et
462 2826 547 2884 inllat.

285 2991 524 3061 serzoatvsp
548 2992 610 3061 (litt.
629 2992 704 3059 moi„
734 2992 801 3047 min.
820 2993 863 3060 tr,
890 2992 995 3062 proedo
1013 2992 1049 3061 b).
1113 2994 1156 3049 tta.
1185 2992 1226 3048 De

214 3061 323 3117 melone
341 3061 368 3117 d.
422 3066 438 3115 t
458 3065 572 3118 sumunt
589 3064 619 3118 et
636 3081 662 3132 p.
682 3063 723 3118 ld.
740 3064 744 3131 Ι
760 3060 886 3133 puleium
902 3063 1017 3131 pld(r):
1035 3061 1182 3132 pulegium
1201 3065 1227 3118 o.

250 3138 363 3188 inam:
386 3134 487 3188 nond.
541 3133 798 3203 tteompascitom.
816 3134 865 3200 (1.1
885 3132 1071 3188 etalvnmd.
1125 3138 1227 3190 eoum

214 3203 412 3262 aeetoetoleo.
428 3206 433 3273 Ι
449 3205 525 3274 (eto)
539 3205 623 3260 melle
637 3205 679 3264 ta.
717 3203 957 3260 10iocundissime
969 3204 1033 3274 old.
1049 3205 1054 3270 1
1070 3201 1227 3274 gloriantes:

152 3335 157 3343 ,
213 3277 254 3331 aie
271 3291 361 3331 onmes
378 3275 451 3344 (fort.
466 3273 642 3346 glareantea).
690 3280 723 3330 12
742 3274 834 3331 theria
846 3276 900 3345 pat,
919 3274 1014 3330 charia
1027 3275 1057 3328 tr
1075 3276 1191 3345 (epple).
1241 3315 1243 3318 -

215 3347 442 3418 13'easiguatum
458 3345 527 3415 pici:
545 3345 779 3418 assignantnrque
796 3347 841 3402 rb.
858 3347 863 3414 Ι
879 3345 937 3401 eius
955 3347 989 3401 ut
1005 3362 1035 3414 9:
1054 3343 1113 3400 eina
1132 3350 1178 3401 eat
1196 3347 1228 3400 ut

214 3418 260 3486 ld,
279 3417 338 3472 eine
353 3415 428 3488 quod
441 3416 487 3472 rb.
534 3421 568 3470 14
582 3415 670 3488 signis
683 3417 723 3472 ld.
765 3421 800 3471 1o
812 3417 957 3486 pulverem
970 3417 1019 3471 rba
1033 3415 1148 3484 pulvere
1160 3417 1226 3486 yid.

217 3486 368 3557 ilemento:
387 3487 478 3543 farina
492 3487 547 3556 Pa,
564 3481 676 3558 ἀλεύρῳ
690 3487 783 3542 Dicae.
822 3492 855 3542 to
868 3505 896 3544 n.
909 3489 1002 3541 cutem
1015 3484 1126 3541 lerninis
1140 3503 1168 3556 p.
1183 3487 1225 3541 ld.
