2636 3874
503 189 721 254 -37,.

107 355 190 416 melle
218 355 251 414 in
279 352 344 414 cibo
373 361 498 432 sumpta.
541 360 572 414 et
598 355 674 416 tussi
702 361 732 414 et
760 371 850 433 puru·
937 343 941 350 ’

106 443 192 506 lentis
225 440 464 504 excreationibus
500 441 644 502 medetur.
695 441 852 503 adversum
878 454 965 518 aaut.

107 531 277 593 diuturnam
303 533 409 593 tussim
437 529 583 592 salernum
606 532 708 592 vinum
738 529 851 592 utiliter

107 617 244 682 sorbetur
276 637 392 682 merum
419 617 456 680 ab
488 621 604 682 ieiunis.
633 620 720 704 ¹licus
752 619 850 680 aridae
877 631 982 694 tarta.

83 716 276 788 ⁵coquuutur
294 726 370 790 cum
381 707 494 788 hysopo
513 728 549 770 ex
568 726 644 790 aqua
667 726 760 788 eaque
775 726 851 787 aqua

106 796 301 860 tussientibus
331 797 515 879 propinatur.
562 805 631 858 sunt
664 795 851 858 membranae
879 808 968 872 sono.

106 888 135 946 iu
148 884 303 948 ventribus
317 885 547 965 gallinaceorum
561 904 636 965 quae
650 887 851 966 proiciuntur:

106 973 208 1036 harum
236 976 313 1036 cluis
339 973 511 1054 potionibus
540 977 694 1053 inspersus
724 973 850 1035 destilla-

108 1065 198 1124 tiones
205 1064 339 1144 pectoris
350 1071 379 1124 et
389 1063 526 1125 humidas
534 1070 632 1126 tusses
642 1065 743 1124 siccat.
757 1071 851 1124 testae
914 1066 950 1121 ib.

75 1162 96 1202 1⁰
109 1152 220 1213 cocleae
236 1151 347 1213 crudae
362 1153 449 1214 tritae
464 1170 533 1212 eum
547 1170 640 1231 aquae
655 1151 771 1232 tepidae
786 1170 850 1231 cya-
970 1149 974 1154 ’

109 1237 162 1300 this
179 1240 278 1302 tribus
298 1239 467 1302 sorbentur.
504 1240 540 1301 ad
563 1241 670 1302 tussim
693 1239 851 1301 sedandam
879 1251 967 1314 conc.

108 1329 219 1391 cocleae
239 1347 310 1391 cum
328 1331 414 1390 testis
433 1328 495 1390 suis
519 1331 605 1389 tritae
625 1328 739 1389 adiecto
763 1346 852 1389 croco

109 1415 241 1480 eduntur.
280 1435 384 1481 sevum
403 1419 502 1490 ovium
521 1416 677 1477 decoctum
697 1435 766 1476 cum
784 1418 851 1477 vino
879 1425 966 1489 cono.

108 1512 221 1567 austero
240 1507 319 1569 tussi
336 1505 480 1572 medetur.
509 1523 562 1566 ova
581 1513 665 1566 cocta
683 1522 752 1566 cum
766 1503 852 1564 melle
879 1513 967 1576 aaut

77 1603 97 1643 1⁵
109 1594 174 1656 tnta
198 1597 230 1656 in
259 1593 327 1656 cibo
351 1594 468 1655 dantur.
505 1612 558 1654 ova
588 1594 680 1654 cruda
707 1595 853 1674 permixta
914 1593 951 1648 ab.

109 1697 172 1744 oum
192 1685 259 1763 pari
282 1682 371 1744 modo
397 1685 478 1762 passi
505 1681 657 1744 bibuntur.
694 1680 853 1742 sandaraca
880 1687 985 1754 atara.

110 1786 173 1832 cum
194 1773 296 1832 resina
323 1769 523 1832 terebinthina
546 1789 601 1832 ovo
629 1769 733 1831 sorbili
760 1770 853 1840 indita

110 1855 209 1920 editur.
242 1861 381 1921 ursinum
402 1858 443 1921 iel
465 1860 646 1939 permixtum
665 1877 734 1920 cum
757 1857 852 1920 melle.
880 1867 984 1932 tutae.

110 1946 209 2008 salivae
224 1941 296 2028 equi
314 1947 413 2008 triduo
431 1955 549 2026 potatae
568 1949 662 2012 ternis
681 1945 852 2025 potionibus
915 1945 951 2001 ib.

77 2040 98 2082 2⁰
110 2050 142 2092 ex
155 2053 229 2114 aqua
243 2034 338 2097 calida
357 2043 474 2097 sanant:
492 2053 605 2116 equum
618 2037 708 2096 morti
722 2035 853 2116 tradunt,

108 2118 253 2189 hominem
265 2123 385 2186 sanant.
421 2123 523 2204 pulmo
545 2126 684 2184 cervinus
698 2119 767 2184 cum
785 2121 853 2201 gula
915 2123 952 2178 ib.

109 2211 250 2276 arefactus
273 2214 305 2272 in
328 2213 423 2294 fumo,
451 2211 558 2274 deiude
586 2219 673 2274 tusus
702 2229 738 2271 ex
766 2209 853 2271 melle

109 2299 223 2361 cottidie
242 2300 416 2362 sumendus.
454 2298 701 2362 sorbitiunculam
720 2318 756 2359 ex
780 2299 853 2360 alica
881 2307 986 2376 tutat

110 2401 172 2445 sevo
191 2391 313 2469 caprino
332 2396 509 2468 perunctam
527 2387 623 2469 (labis,
646 2389 744 2468 picern
766 2387 852 2466 liqui·
881 2397 967 2460 alno.

77 2469 170 2534 ²⁵dam
192 2477 223 2538 in
247 2495 310 2537 ovo.
347 2479 431 2536 iecur
449 2476 512 2557 lupi
532 2485 650 2538 coctum
669 2479 734 2538 esui
757 2476 852 2536 datur.
880 2485 986 2550 tanet.

176 2756 189 2803 1
209 2755 323 2823 sumpla
345 2752 418 2823 (Mlz
446 2755 558 2823 sumpto
582 2769 613 2821 9,
637 2754 749 2822 sumpto
769 2768 832 2806 oum
855 2749 959 2804 sabaei
986 2748 1061 2817 (baec
1079 2750 1122 2806 cic

111 2822 240 2877 contrabit
257 2840 285 2878 r:
310 2838 398 2893 eaque
417 2823 484 2878 faba
501 2823 531 2877 in
550 2822 612 2877 cibo
630 2823 677 2877 vel
695 2840 729 2877 ex
747 2821 831 2876 melle
849 2821 969 2890 sumpta.
992 2821 1066 2876 mode
1083 2822 1120 2892 b).

151 2896 165 2943 6
191 2893 377 2963 propinantur
402 2895 452 2964 qd.
525 2893 760 2949 ltdietillalu'ones
782 2893 831 2961 qd.
905 2891 1061 2962 bpeciorie
1111 2914 1119 2949 a

111 2961 223 3024 biclinio
240 2966 267 3020 ci.
293 2967 297 3032 Ι
323 2966 352 3020 ei
369 2964 499 3020 humidae
516 2966 607 3019 tusses
625 2962 720 3020 siceab.
738 2965 840 3018 imbue:
860 2962 895 3030 cs.
911 2963 957 3018 Pl.
976 2965 1006 3019 et
1023 2909 1120 3040 emila

112 3027 269 3108 (censat.)
279 3034 728 3091 bussimvelreoenolortalanit.
749 3032 866 3090 Coeleae
876 3034 978 3090 crudae
992 3034 1118 3090 tritae...

112 3101 196 3168 *lente
212 3106 303 3162 testam
322 3107 367 3162 bic
383 3111 480 3161 natum
497 3107 607 3162 oidetm
624 3121 659 3160 aa·
678 3105 756 3160 Pota.
774 3107 857 3160 tosta
910 3111 944 3159 12
958 3105 1078 3161 testibus
1091 3105 1118 3160 d.

114 3164 237 3254 ludiecto
260 3191 340 3232 croco
362 3178 457 3248 θείως
485 3193 549 3232 cum
567 3175 700 3246 protropo
721 3176 797 3232 Plio.
872 3181 906 3230 14
928 3175 1034 3232 austeri
1051 3175 1118 3246 yet!

112 3237 204 3323 lungun
220 3261 246 3315 9.
311 3253 345 3302 tc
363 3263 427 3303 cum
445 3263 528 3318 pauso
546 3246 657 3316 oleique
675 3246 739 3316 pari
756 3246 840 3302 modo
861 3246 906 3300 Pl.
972 3251 1004 3300 tt
1024 3254 1077 3300 ovo
1097 3263 1118 3298 a.

113 3309 196 3368 ludite
221 3332 270 3374 oon,
296 3317 342 3373 Pl.
396 3312 449 3372 '19
477 3318 565 3373 bernis
591 3317 753 3388 potionibus
775 3335 809 3373 ex
837 3333 862 3372 a.
883 3332 906 3371 o.
929 3332 979 3371 orn.
1001 3317 1045 3368 Pl.

114 3381 145 3458 lt)
161 3397 302 3452 equum—
314 3390 415 3444 sanant
432 3389 484 3458 qb:
503 3405 553 3445 om.
573 3389 600 3445 ti.
623 3391 627 3458 Ι
652 3387 749 3444 morti:
768 3388 840 3442 mori
859 3387 904 3446 Εἰ.
977 3391 1011 3438 23
1031 3383 1120 3438 sorbi-

113 3447 258 3512 tuneulam
275 3477 325 3529 qr:
354 3459 460 3515 sororii
477 3459 584 3530 ungula
606 3459 704 3528 (oic)d
731 3459 820 3529 (pulte
843 3455 961 3512 alicacia
980 3455 1045 3522 Pl).

116 3521 146 3572 24
163 3540 239 3581 aeuo:
257 3531 317 3602 seul
336 3548 361 3600 9.
435 3535 469 3584 25
489 3530 548 3586 esui
565 3547 616 3598 ur:
635 3529 698 3585 usui
717 3530 744 3584 oi.
