2588 3886
516 180 759 250 ..203-

93 355 158 409 stat
184 365 225 408 ea
252 344 409 427 thoracis,
432 349 504 408 item
523 347 672 426 pulmonis
692 355 722 408 et
745 349 852 410 iecoris
871 350 940 409 vitia
962 366 1034 428 pur·

93 438 173 515 gari.
227 437 312 497 tritu
346 453 412 496 cum
445 437 514 496 vino
546 443 649 496 contra
682 454 815 498 morsum
847 439 1032 516 serpentium
1067 431 1105 484 D·

7 597 9 646 h
96 533 251 603 prosunt.
1044 506 1131 570 Μ’

168 723 270 780 LVI.
307 725 357 779 De
381 725 549 778 cumeneo.

171 843 353 904 Castaneae
372 860 410 902 ex
428 841 566 904 omnibus
585 843 780 904 fortissimum
800 843 920 922 quidem
935 841 1035 904 cibum

70 942 85 983 ⁵
98 933 233 1012 corpori
249 938 411 1010 praestant
425 930 477 990 sed
493 932 545 1010 qui
563 930 682 992 difficile
698 938 909 1010 concoquetur.
933 941 1033 994 coctae
1080 936 1095 970 *

99 1022 133 1082 in
154 1018 355 1082 carbonibus
374 1018 421 1080 vel
443 1021 474 1079 in
493 1019 577 1080 fictili
595 1021 676 1080 sicco
694 1037 764 1080 vaso
783 1027 896 1082 assatae
915 1027 946 1080 et
965 1039 1032 1084 cum

100 1108 196 1170 melle
229 1109 349 1169 ieiunis
382 1107 466 1168 datae
494 1107 691 1170 tussientibus
717 1116 853 1188 prosunt.
900 1127 975 1188 aqua
1003 1112 1034 1170 in
1079 1113 1095 1148 *

7 1201 8 1246 1
103 1215 164 1276 qua
191 1215 272 1258 cum
303 1215 357 1256 suo
386 1198 497 1258 cortice
525 1196 735 1276 decoquuntur
762 1197 899 1258 coeliacis
929 1197 1033 1277 dysen-

7 1299 9 1352 ?
101 1288 217 1346 tericis
249 1286 430 1363 sanguinem
456 1283 665 1346 excreantibus
692 1283 820 1346 bibenda
842 1285 921 1347 haud
944 1288 1034 1347 inuti-

7 1363 9 1442 1
67 1373 179 1434 1⁰liter
204 1375 401 1454 propinatur.
437 1374 563 1434 interior
591 1371 762 1435 membrana
790 1392 865 1452 quae
890 1376 1034 1435 corticem
1079 1381 1095 1414 *

7 1453 8 1488 ¹
105 1462 316 1545 fructumque
345 1461 488 1522 discernit
511 1461 546 1521 ad
570 1463 687 1524 tertiam
718 1469 833 1541 partem
856 1463 978 1522 decocta
1001 1465 1033 1526 iu

108 1568 190 1630 aqua
215 1559 250 1612 et
276 1552 362 1630 potui
388 1549 486 1612 oblata
509 1552 583 1610 mire
607 1549 704 1612 alvum
726 1549 869 1612 fluentem
891 1550 1032 1630 refrenat,

7 1669 9 1712 χ
108 1639 186 1700 adeo
212 1647 252 1702 ut
277 1639 466 1700 Dioscorides
488 1646 575 1719 putet
593 1640 684 1700 etiam
701 1639 862 1700 cathartico
885 1638 954 1699 dato
976 1656 1032 1718 per
1066 1632 1105 1687 D·

7 1717 9 1730 ¹
108 1727 190 1789 hanc
206 1731 366 1810 potionem
380 1730 417 1789 iri
432 1727 547 1789 obviam
560 1746 663 1810 posse,
682 1729 708 1788 si
726 1727 794 1807 plus
808 1745 897 1807 quam
910 1745 1033 1788 necesse
1050 1707 1127 1829 ff

72 1825 96 1866 1⁵
111 1817 153 1877 sit
175 1825 304 1897 purget.
1107 1816 1113 1828 ‘

179 2029 366 2088 Pistaciorum
382 2030 467 2085 virtus
490 2035 598 2085 austera
614 2037 643 2085 et
658 2031 785 2104 styptica.
824 2027 965 2084 stomacho
988 2027 1035 2084 ad·
1052 2031 1111 2100 (86)

115 2116 266 2172 commoda
295 2120 376 2186 sunt,
405 2121 433 2169 et
451 2113 610 2188 'pulmones'
632 2121 753 2188 purgant
779 2114 807 2170 in
835 2110 894 2169 cibo
917 2119 1034 2187 sumpta.

8 2201 10 2260 j
116 2198 182 2254 trita
205 2215 271 2256 curn
293 2199 355 2254 vino
378 2206 473 2286 contra
497 2213 590 2254 omues
613 2214 720 2254 morsus
741 2204 869 2271 prosunt.

7 2395 9 2464 p
183 2371 333 2429 Castaneae
360 2387 393 2427 ex
421 2369 544 2429 omnibus
576 2371 692 2429 nucibus
724 2369 904 2427 fortissimum
935 2369 1036 2426 habeut
1055 2368 1112 2438 (84)

7 2465 10 2526 1
78 2454 229 2528 ²⁰ciburn‚
253 2454 391 2513 difficilem
412 2455 604 2530 digestionem.
641 2455 740 2511 virides
762 2456 917 2530 stringunt,
940 2463 1035 2510 coctae
1116 2464 1118 2467 ·

8 2527 12 2592 i
120 2541 223 2598 minus.
268 2548 360 2597 coctae
389 2542 417 2596 in
444 2542 535 2597 cinere
557 2540 599 2596 vei
629 2541 656 2596 in
688 2538 764 2597 iictiii
786 2555 849 2596 vase
877 2547 980 2594 assatae
1007 2546 1035 2594 et

197 2760 210 2807 1
231 2755 278 2807 st:
306 2753 335 2806 et
356 2751 449 2820 puisi,
479 2767 513 2806 eu
535 2753 565 2805 ei
587 2751 632 2804 rb.
657 2751 662 2818 1
685 2749 810 2819 itemque
832 2750 859 2803 d.
885 2753 889 2815 Ι
914 2748 1029 2816 purgari
1049 2750 1141 2818 pulei:

121 2839 166 2877 -se
184 2826 231 2880 rb.
285 2829 301 2877 2
322 2823 402 2878 Trita
419 2838 486 2877 vero
503 2823 549 2876 rb.
566 2824 570 2885 1
587 2821 759 2890 serpentium
776 2821 867 2888 polsi,
887 2821 959 2874 tum
976 2819 1022 2873 rb.
1072 2825 1090 2874 4
1109 2836 1144 2874 ex

123 2895 254 2950 omnibus
282 2894 409 2963 (nucibus
433 2893 499 2947 add.
516 2892 621 2962 Epicu
649 2887 732 2961 μόνοι
752 2933 758 2944 ,
775 2933 781 2945 .
797 2932 803 2943 ,
822 2889 879 2944 τῶν
898 2883 1005 2958 ἀγρίων
1024 2891 1142 2959 καρπῶν

124 2958 274 3034 ἀξιόλογον
296 2959 406 3034 τροφὴν
429 2959 542 3018 διδόασι
565 2963 604 3032 τῷ
628 2957 736 3032 σώματι
759 2960 822 3016 Gal.
847 2971 882 3019 VI.
905 2966 966 3016 621.
1045 2966 1061 3016 b
1084 2978 1143 3017 cor-

124 3035 201 3102 poris
220 3037 280 3106 (sic)
293 3053 318 3105 p.
335 3039 340 3104 1
356 3035 459 3091 Ooctue
478 3036 574 3090 eutem
592 3034 621 3088 in
641 3076 647 3088 .
664 3075 669 3087 .
686 3075 692 3088 .
711 3033 757 3090 rb.
823 3031 877 3087 of.
898 3031 973 3088 sicco
991 3047 1059 3088 ruso
1082 3034 1144 3102 (vus

125 3106 165 3159 eie
181 3109 210 3178 ρ)
238 3109 348 3162 ascetae
366 3122 416 3175 po,
444 3105 464 3162 f.
483 3121 550 3161 vase
569 3106 661 3159 assuto
684 3105 745 3173 (om.
764 3103 848 3172 sicco)
872 3103 918 3168 td,
945 3103 965 3158 f.
983 3119 1052 3159 vase
1069 3104 1144 3158 sicco

127 3181 237 3234 assutus
254 3179 299 3233 rb.
369 3183 384 3230 t
404 3194 427 3232 c.
446 3194 483 3231 m.
501 3175 685 3231 tussientibus
704 3173 770 3230 dete
787 3192 829 3244 pr.
848 3174 910 3242 (om.
928 3173 1042 3241 ieiunis)
1061 3175 1107 3230 id.

128 3251 227 3304 scum
249 3265 300 3304 suo
323 3247 426 3303 cortice
454 3249 488 3316 (c.
508 3247 612 3302 cortice
634 3261 684 3300 suo
708 3245 736 3312 d)
765 3245 861 3315 deooq.
880 3246 958 3314 pulsi
972 3246 1050 3314 <bap
1078 3261 1144 3300 cum

129 3333 210 3375 succo
228 3318 345 3375 cortices
364 3335 426 3388 coq.
444 3319 491 3373 rb.
512 3319 516 3384 1
538 3316 651 3387 cyliucis
668 3315 907 3386 petopeiliscu
924 3317 951 3370 d.
972 3318 976 3383 1
996 3315 1103 3386 dysint-
1117 3331 1143 3382 o,

129 3387 233 3460 disynt·
255 3407 286 3474 p,
314 3390 418 3445 disent·
436 3390 477 3446 td.
545 3387 776 3444 9excreantibus
799 3388 847 3442 id:
875 3387 1066 3442 recreantibus
1084 3387 1144 3454 (sic)

129 3473 181 3526 po,
198 3461 377 3518 sumentibus
391 3461 436 3516 rb.
452 3462 457 3529 1
473 3459 561 3514 hund:
580 3476 637 3514 non
655 3459 681 3514 d.
729 3464 761 3514 11
776 3476 803 3529 p.
817 3458 884 3514 duta
897 3458 924 3514 d.
972 3463 1005 3513 1³
1014 3457 1113 3529 dyosc-
1127 3459 1146 3525 i,

132 3527 216 3588 diusc-
234 3534 261 3588 d.
287 3537 291 3599 1
317 3532 383 3587 doto
401 3532 489 3601 puisi:
508 3530 638 3587 detu'rb.
