<?xml version="1.0" encoding="UTF-8"?>
<!DOCTYPE html PUBLIC "-//W3C//DTD XHTML 1.0 Transitional//EN"
    "http://www.w3.org/TR/xhtml1/DTD/xhtml1-transitional.dtd">
<html xmlns="http://www.w3.org/1999/xhtml" xml:lang="en" lang="en">
 <head>
  <title>
</title>
<meta http-equiv="Content-Type" content="text/html;charset=utf-8" />
  <meta name='ocr-system' content='tesseract 3.04.00' />
  <meta name='ocr-capabilities' content='ocr_page ocr_carea ocr_par ocr_line ocrx_word'/>
</head>
<body>
  <div class='ocr_page' id='page_1' title='image "./pliniisecundiqu03plingoog_0072.png"; bbox 0 0 2654 3878; ppageno 0'>
   <div class='ocr_carea' id='block_1_1' title="bbox 516 146 735 212">
    <p class='ocr_par' dir='ltr' id='par_1_1' title="bbox 516 146 735 212">
     <span class='ocr_line' id='line_1_1' title="bbox 516 146 735 212; baseline 0.014 -22"><span class='ocrx_word' id='word_1_1' title='bbox 516 146 735 212; x_wconf 72' lang='grc'><strong>..65-</strong></span> 
     </span>
    </p>
   </div>
   <div class='ocr_carea' id='block_1_2' title="bbox 79 309 1084 742">
    <p class='ocr_par' dir='ltr' id='par_1_2' title="bbox 117 309 999 388">
     <span class='ocr_line' id='line_1_2' title="bbox 117 309 999 388; baseline 0.002 -16"><span class='ocrx_word' id='word_1_2' title='bbox 117 328 191 372; x_wconf 91' lang='lat' dir='ltr'>cum</span> <span class='ocrx_word' id='word_1_3' title='bbox 217 309 290 368; x_wconf 91' lang='lat' dir='ltr'>oleo.</span> <span class='ocrx_word' id='word_1_4' title='bbox 331 316 445 388; x_wconf 83' lang='lat' dir='ltr'>myrtea</span> <span class='ocrx_word' id='word_1_5' title='bbox 472 312 553 388; x_wconf 90' lang='lat' dir='ltr'>virga</span> <span class='ocrx_word' id='word_1_6' title='bbox 582 327 658 388; x_wconf 91' lang='lat' dir='ltr'>quae</span> <span class='ocrx_word' id='word_1_7' title='bbox 686 310 766 371; x_wconf 82' lang='lat' dir='ltr'>ferro</span> <span class='ocrx_word' id='word_1_8' title='bbox 790 319 867 372; x_wconf 87' lang='lat' dir='ltr'>tacta</span> <span class='ocrx_word' id='word_1_9' title='bbox 896 323 999 386; x_wconf 59' lang='lat' dir='ltr'>lutat.</span> 
     </span>
    </p>

    <p class='ocr_par' dir='ltr' id='par_1_3' title="bbox 116 397 865 478">
     <span class='ocr_line' id='line_1_3' title="bbox 116 397 865 478; baseline 0.001 -19"><span class='ocrx_word' id='word_1_10' title='bbox 116 417 181 459; x_wconf 88' lang='lat' dir='ltr'>non</span> <span class='ocrx_word' id='word_1_11' title='bbox 205 405 251 458; x_wconf 88' lang='lat' dir='ltr'>est</span> <span class='ocrx_word' id='word_1_12' title='bbox 273 399 305 462; x_wconf 87' lang='lat' dir='ltr'>iu</span> <span class='ocrx_word' id='word_1_13' title='bbox 328 397 429 458; x_wconf 86' lang='lat' dir='ltr'>dolore</span> <span class='ocrx_word' id='word_1_14' title='bbox 456 399 613 476; x_wconf 79' lang='lat' dir='ltr'><strong>inguinum</strong></span> <span class='ocrx_word' id='word_1_15' title='bbox 635 399 865 478; x_wconf 81' lang='lat' dir='ltr'>circumligatur.</span> 
     </span>
    </p>

    <p class='ocr_par' dir='ltr' id='par_1_4' title="bbox 117 485 1084 566">
     <span class='ocr_line' id='line_1_4' title="bbox 117 485 1084 566; baseline 0.004 -19"><span class='ocrx_word' id='word_1_16' title='bbox 117 485 302 548; x_wconf 82' lang='lat' dir='ltr'>absinthium</span> <span class='ocrx_word' id='word_1_17' title='bbox 314 485 423 546; x_wconf 89' lang='lat' dir='ltr'>babere</span> <span class='ocrx_word' id='word_1_18' title='bbox 438 489 469 546; x_wconf 86' lang='lat' dir='ltr'>in</span> <span class='ocrx_word' id='word_1_19' title='bbox 480 486 606 547; x_wconf 83' lang='lat' dir='ltr'>ventrali</span> <span class='ocrx_word' id='word_1_20' title='bbox 618 487 749 566; x_wconf 90' lang='lat' dir='ltr'>prodest.</span> <span class='ocrx_word' id='word_1_21' title='bbox 768 487 866 566; x_wconf 83' lang='lat' dir='ltr'>pollex</span> <span class='ocrx_word' id='word_1_22' title='bbox 894 499 981 564; x_wconf 57' lang='lat' dir='ltr'>ansa.</span> <span class='ocrx_word' id='word_1_23' title='bbox 1005 502 1084 563; x_wconf 65' lang='lat' dir='ltr'>asra</span> 
     </span>
    </p>

    <p class='ocr_par' dir='ltr' id='par_1_5' title="bbox 79 570 998 742">
     <span class='ocr_line' id='line_1_5' title="bbox 116 570 998 654; baseline 0.006 -19"><span class='ocrx_word' id='word_1_24' title='bbox 116 577 185 636; x_wconf 91' lang='lat' dir='ltr'>eius</span> <span class='ocrx_word' id='word_1_25' title='bbox 202 574 287 654; x_wconf 89' lang='lat' dir='ltr'>pedis</span> <span class='ocrx_word' id='word_1_26' title='bbox 306 581 395 652; x_wconf 85' lang='lat' dir='ltr'>aquo</span> <span class='ocrx_word' id='word_1_27' title='bbox 417 576 528 653; x_wconf 79' lang='lat' dir='ltr'>inguen</span> <span class='ocrx_word' id='word_1_28' title='bbox 548 582 593 635; x_wconf 91' lang='lat' dir='ltr'>est</span> <span class='ocrx_word' id='word_1_29' title='bbox 615 578 750 654; x_wconf 84' lang='lat' dir='ltr'>proximo</span> <span class='ocrx_word' id='word_1_30' title='bbox 774 575 865 654; x_wconf 89' lang='lat' dir='ltr'>digito</span> <span class='ocrx_word' id='word_1_31' title='bbox 894 570 953 638; x_wconf 67' lang='lat'>(⁰⁷1³-</span> <span class='ocrx_word' id='word_1_32' title='bbox 973 574 998 640; x_wconf 75' lang='lat'>⁷¹)</span> 
     </span>
     <span class='ocr_line' id='line_1_6' title="bbox 79 662 537 742; baseline 0.011 -25"><span class='ocrx_word' id='word_1_33' title='bbox 79 663 253 742; x_wconf 82' lang='lat' dir='ltr'>salligatus</span> <span class='ocrx_word' id='word_1_34' title='bbox 276 669 423 722; x_wconf 91' lang='lat' dir='ltr'>tumorem</span> <span class='ocrx_word' id='word_1_35' title='bbox 447 662 537 724; x_wconf 89' lang='lat' dir='ltr'>sedat.</span> 
     </span>
    </p>
   </div>
   <div class='ocr_carea' id='block_1_3' title="bbox 184 860 939 920">
    <p class='ocr_par' dir='ltr' id='par_1_6' title="bbox 184 860 939 920">
     <span class='ocr_line' id='line_1_7' title="bbox 184 860 939 920; baseline 0 -2"><span class='ocrx_word' id='word_1_36' title='bbox 184 861 294 918; x_wconf 75' lang='lat' dir='ltr'>xm</span> <span class='ocrx_word' id='word_1_37' title='bbox 317 860 498 918; x_wconf 74' lang='lat' dir='ltr'>Ulceribus</span> <span class='ocrx_word' id='word_1_38' title='bbox 520 861 557 918; x_wconf 91' lang='lat' dir='ltr'>in</span> <span class='ocrx_word' id='word_1_39' title='bbox 580 875 679 918; x_wconf 85' lang='lat' dir='ltr'>crure</span> <span class='ocrx_word' id='word_1_40' title='bbox 702 863 759 919; x_wconf 85' lang='lat' dir='ltr'>vel</span> <span class='ocrx_word' id='word_1_41' title='bbox 780 863 816 920; x_wconf 89' lang='lat' dir='ltr'>in</span> <span class='ocrx_word' id='word_1_42' title='bbox 838 863 939 920; x_wconf 78' lang='lat' dir='ltr'>tibiis.</span> 
     </span>
    </p>
   </div>
   <div class='ocr_carea' id='block_1_4' title="bbox 63 967 997 1836">
    <p class='ocr_par' dir='ltr' id='par_1_7' title="bbox 132 967 997 1062">
     <span class='ocr_line' id='line_1_8' title="bbox 132 967 997 1062; baseline 0.005 -22"><span class='ocrx_word' id='word_1_43' title='bbox 132 967 137 975; x_wconf 46' lang='lat'>¹</span> <span class='ocrx_word' id='word_1_44' title='bbox 185 980 341 1042; x_wconf 81' lang='lat' dir='ltr'>Ulceribus</span> <span class='ocrx_word' id='word_1_45' title='bbox 364 983 395 1040; x_wconf 92' lang='lat' dir='ltr'>in</span> <span class='ocrx_word' id='word_1_46' title='bbox 423 999 512 1041; x_wconf 91' lang='lat' dir='ltr'>crure</span> <span class='ocrx_word' id='word_1_47' title='bbox 537 981 584 1040; x_wconf 93' lang='lat' dir='ltr'>vel</span> <span class='ocrx_word' id='word_1_48' title='bbox 610 984 641 1042; x_wconf 94' lang='lat' dir='ltr'>in</span> <span class='ocrx_word' id='word_1_49' title='bbox 669 981 750 1043; x_wconf 92' lang='lat' dir='ltr'>tibiis</span> <span class='ocrx_word' id='word_1_50' title='bbox 774 982 864 1062; x_wconf 87' lang='lat' dir='ltr'>adeps</span> <span class='ocrx_word' id='word_1_51' title='bbox 892 979 997 1056; x_wconf 60' lang='lat'>283241.</span> 
     </span>
    </p>

    <p class='ocr_par' dir='ltr' id='par_1_8' title="bbox 115 1067 962 1151">
     <span class='ocr_line' id='line_1_9' title="bbox 115 1067 962 1151; baseline 0 -21"><span class='ocrx_word' id='word_1_52' title='bbox 115 1071 241 1130; x_wconf 92' lang='lat' dir='ltr'>ursinus</span> <span class='ocrx_word' id='word_1_53' title='bbox 269 1069 395 1130; x_wconf 84' lang='lat' dir='ltr'>admixta</span> <span class='ocrx_word' id='word_1_54' title='bbox 422 1067 543 1129; x_wconf 80' lang='lat' dir='ltr'>rubrica</span> <span class='ocrx_word' id='word_1_55' title='bbox 575 1072 746 1149; x_wconf 83' lang='lat' dir='ltr'>imponitur.</span> <span class='ocrx_word' id='word_1_56' title='bbox 789 1089 864 1151; x_wconf 92' lang='lat' dir='ltr'>quae</span> <span class='ocrx_word' id='word_1_57' title='bbox 926 1076 962 1130; x_wconf 80' lang='lat' dir='ltr'>it.</span> 
     </span>
    </p>

    <p class='ocr_par' dir='ltr' id='par_1_9' title="bbox 115 1156 864 1237">
     <span class='ocr_line' id='line_1_10' title="bbox 115 1156 864 1237; baseline 0 -18"><span class='ocrx_word' id='word_1_58' title='bbox 115 1165 244 1237; x_wconf 88' lang='lat' dir='ltr'>serpunt</span> <span class='ocrx_word' id='word_1_59' title='bbox 271 1165 414 1218; x_wconf 88' lang='lat' dir='ltr'>curantur</span> <span class='ocrx_word' id='word_1_60' title='bbox 441 1156 508 1218; x_wconf 90' lang='lat' dir='ltr'>leUe</span> <span class='ocrx_word' id='word_1_61' title='bbox 536 1160 640 1237; x_wconf 90' lang='lat' dir='ltr'>aprino</span> <span class='ocrx_word' id='word_1_62' title='bbox 668 1177 739 1219; x_wconf 92' lang='lat' dir='ltr'>cum</span> <span class='ocrx_word' id='word_1_63' title='bbox 765 1162 864 1219; x_wconf 92' lang='lat' dir='ltr'>resina</span> 
     </span>
    </p>

    <p class='ocr_par' dir='ltr' id='par_1_10' title="bbox 67 1245 963 1414">
     <span class='ocr_line' id='line_1_11' title="bbox 115 1245 963 1325; baseline -0.002 -18"><span class='ocrx_word' id='word_1_64' title='bbox 115 1253 147 1307; x_wconf 93' lang='lat' dir='ltr'>et</span> <span class='ocrx_word' id='word_1_65' title='bbox 171 1264 300 1307; x_wconf 87' lang='lat' dir='ltr'>cerussa.</span> <span class='ocrx_word' id='word_1_66' title='bbox 333 1245 517 1306; x_wconf 83' lang='lat' dir='ltr'>maxillarum</span> <span class='ocrx_word' id='word_1_67' title='bbox 535 1248 598 1325; x_wconf 90' lang='lat' dir='ltr'>apri</span> <span class='ocrx_word' id='word_1_68' title='bbox 617 1247 663 1306; x_wconf 90' lang='lat' dir='ltr'>vel</span> <span class='ocrx_word' id='word_1_69' title='bbox 682 1249 744 1307; x_wconf 91' lang='lat' dir='ltr'>suis</span> <span class='ocrx_word' id='word_1_70' title='bbox 763 1249 863 1308; x_wconf 91' lang='lat' dir='ltr'>cinere</span> <span class='ocrx_word' id='word_1_71' title='bbox 933 1253 963 1305; x_wconf 83' lang='lat'>‘.</span> 
     </span>
     <span class='ocr_line' id='line_1_12' title="bbox 67 1333 962 1414; baseline -0.002 -19"><span class='ocrx_word' id='word_1_72' title='bbox 67 1349 99 1387; x_wconf 79' lang='grc' dir='ltr'>ιο</span> <span class='ocrx_word' id='word_1_73' title='bbox 116 1337 342 1414; x_wconf 82' lang='lat' dir='ltr'>insperguntur.</span> <span class='ocrx_word' id='word_1_74' title='bbox 379 1333 467 1394; x_wconf 89' lang='lat' dir='ltr'>limus</span> <span class='ocrx_word' id='word_1_75' title='bbox 490 1336 629 1413; x_wconf 87' lang='lat' dir='ltr'>caprinus</span> <span class='ocrx_word' id='word_1_76' title='bbox 644 1353 681 1394; x_wconf 85' lang='lat' dir='ltr'>cx</span> <span class='ocrx_word' id='word_1_77' title='bbox 694 1342 778 1395; x_wconf 92' lang='lat' dir='ltr'>aceto</span> <span class='ocrx_word' id='word_1_78' title='bbox 793 1335 862 1396; x_wconf 92' lang='lat' dir='ltr'>sub·</span> <span class='ocrx_word' id='word_1_79' title='bbox 956 1381 962 1393; x_wconf 92' lang='lat'>.</span> 
     </span>
    </p>

    <p class='ocr_par' dir='ltr' id='par_1_11' title="bbox 114 1421 962 1500">
     <span class='ocr_line' id='line_1_13' title="bbox 114 1421 962 1500; baseline -0.006 -16"><span class='ocrx_word' id='word_1_80' title='bbox 114 1432 201 1484; x_wconf 89' lang='lat' dir='ltr'>actus</span> <span class='ocrx_word' id='word_1_81' title='bbox 229 1430 260 1482; x_wconf 92' lang='lat' dir='ltr'>et</span> <span class='ocrx_word' id='word_1_82' title='bbox 286 1421 522 1482; x_wconf 79' lang='lat' dir='ltr'>subfervefactus</span> <span class='ocrx_word' id='word_1_83' title='bbox 550 1423 722 1500; x_wconf 87' lang='lat' dir='ltr'>imponitur.</span> <span class='ocrx_word' id='word_1_84' title='bbox 765 1425 864 1483; x_wconf 90' lang='lat' dir='ltr'>omnia</span> <span class='ocrx_word' id='word_1_85' title='bbox 932 1427 962 1479; x_wconf 86' lang='lat'>&#39;.</span> 
     </span>
    </p>

    <p class='ocr_par' dir='ltr' id='par_1_12' title="bbox 114 1509 863 1588">
     <span class='ocr_line' id='line_1_14' title="bbox 114 1509 863 1588; baseline -0.001 -16"><span class='ocrx_word' id='word_1_86' title='bbox 114 1513 156 1572; x_wconf 82' lang='lat' dir='ltr'>in</span> <span class='ocrx_word' id='word_1_87' title='bbox 166 1510 214 1571; x_wconf 92' lang='lat' dir='ltr'>bis</span> <span class='ocrx_word' id='word_1_88' title='bbox 231 1511 305 1570; x_wconf 91' lang='lat' dir='ltr'>locis</span> <span class='ocrx_word' id='word_1_89' title='bbox 324 1509 425 1570; x_wconf 90' lang='lat' dir='ltr'>ulcera</span> <span class='ocrx_word' id='word_1_90' title='bbox 442 1517 609 1588; x_wconf 87' lang='lat' dir='ltr'>purgantur</span> <span class='ocrx_word' id='word_1_91' title='bbox 628 1518 658 1571; x_wconf 93' lang='lat' dir='ltr'>et</span> <span class='ocrx_word' id='word_1_92' title='bbox 677 1510 863 1588; x_wconf 89' lang='lat' dir='ltr'>complentur</span> 
     </span>
    </p>

    <p class='ocr_par' dir='ltr' id='par_1_13' title="bbox 115 1591 862 1679">
     <span class='ocr_line' id='line_1_15' title="bbox 115 1591 862 1679; baseline 0 -20"><span class='ocrx_word' id='word_1_93' title='bbox 115 1594 192 1679; x_wconf 82' lang='lat' dir='ltr'>&lt;et&gt;</span> <span class='ocrx_word' id='word_1_94' title='bbox 218 1605 417 1678; x_wconf 84' lang='lat' dir='ltr'>persanantur</span> <span class='ocrx_word' id='word_1_95' title='bbox 432 1591 551 1676; x_wconf 69' lang='lat' dir='ltr'>&#39;butyro</span> <span class='ocrx_word' id='word_1_96' title='bbox 581 1616 615 1658; x_wconf 85' lang='lat' dir='ltr'>ao</span> <span class='ocrx_word' id='word_1_97' title='bbox 637 1597 769 1668; x_wconf 85' lang='lat' dir='ltr'>¹medulla</span> <span class='ocrx_word' id='word_1_98' title='bbox 798 1617 862 1659; x_wconf 89' lang='lat' dir='ltr'>oer-</span> 
     </span>
    </p>

    <p class='ocr_par' dir='ltr' id='par_1_14' title="bbox 63 1684 961 1836">
     <span class='ocr_line' id='line_1_16' title="bbox 114 1684 961 1767; baseline -0.006 -20"><span class='ocrx_word' id='word_1_99' title='bbox 114 1688 196 1767; x_wconf 85' lang='lat' dir='ltr'>rina,</span> <span class='ocrx_word' id='word_1_100' title='bbox 224 1689 296 1746; x_wconf 89' lang='lat' dir='ltr'>item</span> <span class='ocrx_word' id='word_1_101' title='bbox 318 1684 385 1746; x_wconf 88' lang='lat' dir='ltr'>felle</span> <span class='ocrx_word' id='word_1_102' title='bbox 409 1687 527 1746; x_wconf 89' lang='lat' dir='ltr'>taurino</span> <span class='ocrx_word' id='word_1_103' title='bbox 555 1704 623 1746; x_wconf 92' lang='lat' dir='ltr'>cum</span> <span class='ocrx_word' id='word_1_104' title='bbox 651 1688 772 1765; x_wconf 82' lang='lat' dir='ltr'>cyprino</span> <span class='ocrx_word' id='word_1_105' title='bbox 796 1687 862 1746; x_wconf 92' lang='lat' dir='ltr'>oleo</span> <span class='ocrx_word' id='word_1_106' title='bbox 932 1689 961 1742; x_wconf 93' lang='lat'>&#39;.</span> 
     </span>
     <span class='ocr_line' id='line_1_17' title="bbox 63 1777 276 1836; baseline 0.019 -6"><span class='ocrx_word' id='word_1_107' title='bbox 63 1789 95 1830; x_wconf 87' lang='lat'>15</span> <span class='ocrx_word' id='word_1_108' title='bbox 114 1781 169 1836; x_wconf 89' lang='lat' dir='ltr'>aut</span> <span class='ocrx_word' id='word_1_109' title='bbox 190 1777 276 1835; x_wconf 90' lang='lat' dir='ltr'>irino.</span> 
     </span>
    </p>
   </div>
   <div class='ocr_carea' id='block_1_5' title="bbox 182 1971 868 2031">
    <p class='ocr_par' dir='ltr' id='par_1_15' title="bbox 182 1971 868 2031">
     <span class='ocr_line' id='line_1_18' title="bbox 182 1971 868 2031; baseline -0.004 0"><span class='ocrx_word' id='word_1_110' title='bbox 182 1973 310 2031; x_wconf 82' lang='lat' dir='ltr'>xm.</span> <span class='ocrx_word' id='word_1_111' title='bbox 334 1973 497 2030; x_wconf 68' lang='lat' dir='ltr'>Telorum</span> <span class='ocrx_word' id='word_1_112' title='bbox 518 1971 630 2028; x_wconf 85' lang='lat' dir='ltr'>dolori</span> <span class='ocrx_word' id='word_1_113' title='bbox 652 1972 709 2027; x_wconf 84' lang='lat' dir='ltr'>vel</span> <span class='ocrx_word' id='word_1_114' title='bbox 731 1972 868 2028; x_wconf 87' lang='lat' dir='ltr'>tumori.</span> 
     </span>
    </p>
   </div>
   <div class='ocr_carea' id='block_1_6' title="bbox 112 2090 977 2257">
    <p class='ocr_par' dir='ltr' id='par_1_16' title="bbox 112 2090 977 2257">
     <span class='ocr_line' id='line_1_19' title="bbox 184 2090 977 2164; baseline 0 -13"><span class='ocrx_word' id='word_1_115' title='bbox 184 2090 327 2152; x_wconf 88' lang='lat' dir='ltr'>Cruribus</span> <span class='ocrx_word' id='word_1_116' title='bbox 350 2091 397 2151; x_wconf 84' lang='lat' dir='ltr'>vel</span> <span class='ocrx_word' id='word_1_117' title='bbox 419 2090 486 2151; x_wconf 87' lang='lat' dir='ltr'>talis</span> <span class='ocrx_word' id='word_1_118' title='bbox 513 2092 539 2150; x_wconf 92' lang='lat' dir='ltr'>si</span> <span class='ocrx_word' id='word_1_119' title='bbox 565 2097 681 2151; x_wconf 88' lang='lat' dir='ltr'>tument</span> <span class='ocrx_word' id='word_1_120' title='bbox 709 2099 738 2150; x_wconf 94' lang='lat' dir='ltr'>et</span> <span class='ocrx_word' id='word_1_121' title='bbox 762 2090 862 2151; x_wconf 89' lang='lat' dir='ltr'>dolent</span> <span class='ocrx_word' id='word_1_122' title='bbox 890 2103 977 2164; x_wconf 64' lang='lat' dir='ltr'>arpa.</span> 
     </span>
     <span class='ocr_line' id='line_1_20' title="bbox 112 2177 861 2257; baseline -0.005 -16"><span class='ocrx_word' id='word_1_123' title='bbox 112 2198 238 2241; x_wconf 89' lang='lat' dir='ltr'>muscus</span> <span class='ocrx_word' id='word_1_124' title='bbox 248 2198 284 2239; x_wconf 84' lang='lat' dir='ltr'>ex</span> <span class='ocrx_word' id='word_1_125' title='bbox 294 2177 359 2240; x_wconf 90' lang='lat' dir='ltr'>cleo</span> <span class='ocrx_word' id='word_1_126' title='bbox 374 2181 463 2239; x_wconf 88' lang='lat' dir='ltr'>tritus</span> <span class='ocrx_word' id='word_1_127' title='bbox 477 2180 647 2256; x_wconf 89' lang='lat' dir='ltr'>imponitur.</span> <span class='ocrx_word' id='word_1_128' title='bbox 671 2177 759 2238; x_wconf 84' lang='lat' dir='ltr'>limus</span> <span class='ocrx_word' id='word_1_129' title='bbox 774 2196 861 2257; x_wconf 89' lang='lat' dir='ltr'>aqua-</span> 
     </span>
    </p>
   </div>
   <div class='ocr_carea' id='block_1_7' title="bbox 23 2417 1149 3490">
    <p class='ocr_par' dir='ltr' id='par_1_17' title="bbox 23 2417 1149 3490">
     <span class='ocr_line' id='line_1_21' title="bbox 187 2417 1129 2493; baseline 0.003 -19"><span class='ocrx_word' id='word_1_130' title='bbox 187 2419 365 2490; x_wconf 74' lang='lat' dir='ltr'>41ngurneie</span> <span class='ocrx_word' id='word_1_131' title='bbox 379 2418 506 2489; x_wconf 85' lang='lat' dir='ltr'>proximo</span> <span class='ocrx_word' id='word_1_132' title='bbox 523 2435 553 2488; x_wconf 75' lang='lat' dir='ltr'>g,</span> <span class='ocrx_word' id='word_1_133' title='bbox 581 2417 697 2488; x_wconf 85' lang='lat' dir='ltr'>inguine</span> <span class='ocrx_word' id='word_1_134' title='bbox 721 2421 763 2474; x_wconf 83' lang='lat' dir='ltr'>est</span> <span class='ocrx_word' id='word_1_135' title='bbox 785 2438 827 2490; x_wconf 92' lang='lat' dir='ltr'>pr.</span> <span class='ocrx_word' id='word_1_136' title='bbox 846 2421 865 2474; x_wconf 84' lang='lat' dir='ltr'>cl</span> <span class='ocrx_word' id='word_1_137' title='bbox 884 2421 994 2491; x_wconf 89' lang='lat' dir='ltr'>(inquo</span> <span class='ocrx_word' id='word_1_138' title='bbox 1012 2422 1129 2493; x_wconf 81' lang='lat' dir='ltr'>inguina</span> 
     </span>
     <span class='ocr_line' id='line_1_22' title="bbox 114 2490 1130 2560; baseline 0.003 -15"><span class='ocrx_word' id='word_1_139' title='bbox 114 2491 200 2546; x_wconf 77' lang='lat' dir='ltr'>erunt</span> <span class='ocrx_word' id='word_1_140' title='bbox 218 2491 310 2546; x_wconf 85' lang='lat' dir='ltr'>Marc.</span> <span class='ocrx_word' id='word_1_141' title='bbox 325 2507 355 2560; x_wconf 82' lang='lat' dir='ltr'>p.</span> <span class='ocrx_word' id='word_1_142' title='bbox 376 2494 455 2559; x_wconf 60' lang='lat' dir='ltr'>bibl·</span> <span class='ocrx_word' id='word_1_143' title='bbox 520 2490 561 2543; x_wconf 79' lang='lat' dir='ltr'>tit.</span> <span class='ocrx_word' id='word_1_144' title='bbox 585 2511 667 2544; x_wconf 82' lang='lat' dir='ltr'>xx1111</span> <span class='ocrx_word' id='word_1_145' title='bbox 685 2490 831 2546; x_wconf 84' lang='lat' dir='ltr'>Ulceribus</span> <span class='ocrx_word' id='word_1_146' title='bbox 854 2496 901 2546; x_wconf 84' lang='lat' dir='ltr'>etc.</span> <span class='ocrx_word' id='word_1_147' title='bbox 919 2508 949 2560; x_wconf 76' lang='lat' dir='ltr'>p,</span> <span class='ocrx_word' id='word_1_148' title='bbox 973 2492 1018 2546; x_wconf 84' lang='lat' dir='ltr'>Ad</span> <span class='ocrx_word' id='word_1_149' title='bbox 1035 2494 1130 2548; x_wconf 84' lang='lat' dir='ltr'>ulcera</span> 
     </span>
     <span class='ocr_line' id='line_1_23' title="bbox 113 2559 1127 2632; baseline 0.004 -17"><span class='ocrx_word' id='word_1_150' title='bbox 113 2561 146 2615; x_wconf 88' lang='lat' dir='ltr'>in</span> <span class='ocrx_word' id='word_1_151' title='bbox 166 2561 292 2616; x_wconf 90' lang='lat' dir='ltr'>cruribus</span> <span class='ocrx_word' id='word_1_152' title='bbox 310 2563 339 2616; x_wconf 85' lang='lat' dir='ltr'>et</span> <span class='ocrx_word' id='word_1_153' title='bbox 356 2559 434 2615; x_wconf 79' lang='lat' dir='ltr'>tibiis</span> <span class='ocrx_word' id='word_1_154' title='bbox 452 2561 480 2617; x_wconf 79' lang='lat' dir='ltr'>d.</span> <span class='ocrx_word' id='word_1_155' title='bbox 547 2568 563 2616; x_wconf 83' lang='grc'><strong>6</strong></span> <span class='ocrx_word' id='word_1_156' title='bbox 581 2560 728 2616; x_wconf 88' lang='lat' dir='ltr'>Ulceribus</span> <span class='ocrx_word' id='word_1_157' title='bbox 740 2560 873 2630; x_wconf 82' lang='lat' dir='ltr'>-tibiis‚</span> <span class='ocrx_word' id='word_1_158' title='bbox 892 2579 962 2632; x_wconf 79' lang='lat' dir='ltr'>quac</span> <span class='ocrx_word' id='word_1_159' title='bbox 978 2565 1060 2618; x_wconf 84' lang='lat' dir='ltr'>cerba</span> <span class='ocrx_word' id='word_1_160' title='bbox 1078 2581 1127 2619; x_wconf 79' lang='lat' dir='ltr'>coo.</span> 
     </span>
     <span class='ocr_line' id='line_1_24' title="bbox 112 2632 1130 2702; baseline 0.004 -16"><span class='ocrx_word' id='word_1_161' title='bbox 112 2633 171 2702; x_wconf 69' lang='lat' dir='ltr'>qd,</span> <span class='ocrx_word' id='word_1_162' title='bbox 188 2648 222 2686; x_wconf 75' lang='lat' dir='ltr'>ecc</span> <span class='ocrx_word' id='word_1_163' title='bbox 236 2633 316 2688; x_wconf 80' lang='lat' dir='ltr'>titulo</span> <span class='ocrx_word' id='word_1_164' title='bbox 333 2632 416 2686; x_wconf 73' lang='lat' dir='ltr'>buius</span> <span class='ocrx_word' id='word_1_165' title='bbox 430 2647 489 2700; x_wconf 81' lang='lat' dir='ltr'>cop.</span> <span class='ocrx_word' id='word_1_166' title='bbox 503 2632 673 2688; x_wconf 76' lang='lat' dir='ltr'>restituendo</span> <span class='ocrx_word' id='word_1_167' title='bbox 690 2648 744 2687; x_wconf 82' lang='lat' dir='ltr'>esse</span> <span class='ocrx_word' id='word_1_168' title='bbox 759 2633 873 2687; x_wconf 80' lang='lat' dir='ltr'>Plinius</span> <span class='ocrx_word' id='word_1_169' title='bbox 890 2634 1009 2688; x_wconf 76' lang='lat' dir='ltr'>iudicat:</span> <span class='ocrx_word' id='word_1_170' title='bbox 1028 2633 1130 2690; x_wconf 81' lang='lat' dir='ltr'>Ulcera</span> 
     </span>
     <span class='ocr_line' id='line_1_25' title="bbox 114 2701 1128 2773; baseline 0.003 -17"><span class='ocrx_word' id='word_1_171' title='bbox 114 2705 199 2756; x_wconf 82' lang='lat' dir='ltr'>sanat</span> <span class='ocrx_word' id='word_1_172' title='bbox 215 2703 246 2756; x_wconf 91' lang='lat' dir='ltr'>in</span> <span class='ocrx_word' id='word_1_173' title='bbox 263 2701 342 2757; x_wconf 80' lang='lat' dir='ltr'>tibiis</span> <span class='ocrx_word' id='word_1_174' title='bbox 361 2701 540 2771; x_wconf 87' lang='lat' dir='ltr'>cruribusque</span> <span class='ocrx_word' id='word_1_175' title='bbox 563 2702 643 2772; x_wconf 82' lang='lat' dir='ltr'>adips</span> <span class='ocrx_word' id='word_1_176' title='bbox 661 2702 771 2757; x_wconf 89' lang='lat' dir='ltr'>ursinus</span> <span class='ocrx_word' id='word_1_177' title='bbox 789 2709 836 2758; x_wconf 84' lang='lat' dir='ltr'>etc.</span> <span class='ocrx_word' id='word_1_178' title='bbox 910 2709 925 2758; x_wconf 78' lang='lat' dir='ltr'>&#39;l</span> <span class='ocrx_word' id='word_1_179' title='bbox 950 2702 1085 2759; x_wconf 82' lang='lat' dir='ltr'>ammixtc</span> <span class='ocrx_word' id='word_1_180' title='bbox 1102 2722 1128 2773; x_wconf 72' lang='lat' dir='ltr'>y.</span> 
     </span>
     <span class='ocr_line' id='line_1_26' title="bbox 153 2771 1128 2844; baseline 0.006 -18"><span class='ocrx_word' id='word_1_181' title='bbox 153 2778 186 2826; x_wconf 78' lang='lat'>12</span> <span class='ocrx_word' id='word_1_182' title='bbox 209 2774 403 2842; x_wconf 76' lang='lat' dir='ltr'>purganturet</span> <span class='ocrx_word' id='word_1_183' title='bbox 428 2771 611 2842; x_wconf 87' lang='lat' dir='ltr'>complentur.</span> <span class='ocrx_word' id='word_1_184' title='bbox 647 2774 836 2829; x_wconf 78' lang='lat' dir='ltr'>Pemcnantur</span> <span class='ocrx_word' id='word_1_185' title='bbox 854 2815 862 2832; x_wconf 91' lang='lat'>.</span> <span class='ocrx_word' id='word_1_186' title='bbox 878 2815 884 2828; x_wconf 86' lang='lat'>.</span> <span class='ocrx_word' id='word_1_187' title='bbox 903 2775 945 2842; x_wconf 77' lang='lat' dir='ltr'>pot</span> <span class='ocrx_word' id='word_1_188' title='bbox 968 2774 1007 2841; x_wconf 83' lang='lat' dir='ltr'>(et</span> <span class='ocrx_word' id='word_1_189' title='bbox 1029 2789 1072 2830; x_wconf 84' lang='lat' dir='ltr'>om</span> <span class='ocrx_word' id='word_1_190' title='bbox 1095 2779 1128 2844; x_wconf 80' lang='lat' dir='ltr'>r).</span> 
     </span>
     <span class='ocr_line' id='line_1_27' title="bbox 113 2843 1129 2916; baseline 0.005 -19"><span class='ocrx_word' id='word_1_191' title='bbox 113 2844 273 2912; x_wconf 79' lang='lat' dir='ltr'>purgantur</span> <span class='ocrx_word' id='word_1_192' title='bbox 290 2846 320 2899; x_wconf 83' lang='lat' dir='ltr'>et</span> <span class='ocrx_word' id='word_1_193' title='bbox 340 2844 526 2914; x_wconf 73' lang='lat' dir='ltr'>perornantur</span> <span class='ocrx_word' id='word_1_194' title='bbox 546 2843 626 2898; x_wconf 79' lang='lat' dir='ltr'>babet</span> <span class='ocrx_word' id='word_1_195' title='bbox 647 2845 729 2898; x_wconf 62' lang='lat' dir='ltr'>oium</span> <span class='ocrx_word' id='word_1_196' title='bbox 748 2844 841 2899; x_wconf 83' lang='lat' dir='ltr'>Marc.</span> <span class='ocrx_word' id='word_1_197' title='bbox 857 2862 885 2914; x_wconf 79' lang='lat' dir='ltr'>p.</span> <span class='ocrx_word' id='word_1_198' title='bbox 906 2849 958 2898; x_wconf 79' lang='lat'>232</span> <span class='ocrx_word' id='word_1_199' title='bbox 976 2845 1038 2913; x_wconf 84' lang='lat' dir='ltr'>(om.</span> <span class='ocrx_word' id='word_1_200' title='bbox 1059 2847 1129 2916; x_wconf 87' lang='lat' dir='ltr'>Pl.):</span> 
     </span>
     <span class='ocr_line' id='line_1_28' title="bbox 114 2914 1149 2984; baseline 0.002 -18"><span class='ocrx_word' id='word_1_201' title='bbox 114 2915 209 2982; x_wconf 72' lang='lat' dir='ltr'>itaque</span> <span class='ocrx_word' id='word_1_202' title='bbox 227 2915 326 2970; x_wconf 79' lang='lat' dir='ltr'>addidi</span> <span class='ocrx_word' id='word_1_203' title='bbox 339 2917 375 2969; x_wconf 75' lang='lat' dir='ltr'>et.</span> <span class='ocrx_word' id='word_1_204' title='bbox 427 2919 460 2967; x_wconf 86' lang='lat'>13</span> <span class='ocrx_word' id='word_1_205' title='bbox 475 2914 577 2984; x_wconf 82' lang='lat' dir='ltr'>butyro</span> <span class='ocrx_word' id='word_1_206' title='bbox 590 2915 709 2984; x_wconf 69' lang='lat' dir='ltr'>prlM):</span> <span class='ocrx_word' id='word_1_207' title='bbox 728 2915 838 2969; x_wconf 82' lang='lat' dir='ltr'>vulture</span> <span class='ocrx_word' id='word_1_208' title='bbox 852 2915 878 2972; x_wconf 81' lang='lat' dir='ltr'>d.</span> <span class='ocrx_word' id='word_1_209' title='bbox 917 2917 1026 2972; x_wconf 78' lang='lat' dir='ltr'>locut:</span> <span class='ocrx_word' id='word_1_210' title='bbox 1042 2918 1149 2973; x_wconf 82' lang='lat' dir='ltr'>veld..</span> 
     </span>
     <span class='ocr_line' id='line_1_29' title="bbox 115 2982 1130 3070; baseline 0.004 -32"><span class='ocrx_word' id='word_1_211' title='bbox 115 2982 238 3053; x_wconf 68' lang='lat' dir='ltr'>thyrino</span> <span class='ocrx_word' id='word_1_212' title='bbox 260 2986 303 3054; x_wconf 74' lang='lat' dir='ltr'>gd</span> <span class='ocrx_word' id='word_1_213' title='bbox 330 2985 433 3053; x_wconf 88' lang='lat' dir='ltr'>(birino</span> <span class='ocrx_word' id='word_1_214' title='bbox 461 2985 525 3053; x_wconf 68' lang='lat' dir='ltr'>bm):</span> <span class='ocrx_word' id='word_1_215' title='bbox 558 2985 674 3054; x_wconf 84' lang='lat' dir='ltr'>hyrcino</span> <span class='ocrx_word' id='word_1_216' title='bbox 693 2985 737 3041; x_wconf 86' lang='lat' dir='ltr'>rb.</span> <span class='ocrx_word' id='word_1_217' title='bbox 763 2988 767 3055; x_wconf 80' lang='grc' dir='ltr'><strong>Ῑ</strong></span> <span class='ocrx_word' id='word_1_218' title='bbox 796 2986 828 3039; x_wconf 79' lang='lat' dir='ltr'>lo</span> <span class='ocrx_word' id='word_1_219' title='bbox 840 2986 882 3054; x_wconf 71' lang='lat' dir='ltr'>gd</span> <span class='ocrx_word' id='word_1_220' title='bbox 903 2988 1027 3056; x_wconf 75' lang='lat' dir='ltr'>sepultor</span> <span class='ocrx_word' id='word_1_221' title='bbox 1048 2990 1130 3070; x_wconf 75' lang='lat' dir='ltr'>quast</span> 
     </span>
     <span class='ocr_line' id='line_1_30' title="bbox 114 3054 1129 3126; baseline 0.004 -18"><span class='ocrx_word' id='word_1_222' title='bbox 114 3069 203 3108; x_wconf 81' lang='lat' dir='ltr'>cocus</span> <span class='ocrx_word' id='word_1_223' title='bbox 229 3055 271 3108; x_wconf 78' lang='lat' dir='ltr'>tit.</span> <span class='ocrx_word' id='word_1_224' title='bbox 294 3075 349 3110; x_wconf 86' lang='lat' dir='ltr'>xxv</span> <span class='ocrx_word' id='word_1_225' title='bbox 372 3054 502 3111; x_wconf 74' lang='lat' dir='ltr'>cruribus</span> <span class='ocrx_word' id='word_1_226' title='bbox 524 3055 622 3110; x_wconf 77' lang='lat' dir='ltr'>ltalia</span> <span class='ocrx_word' id='word_1_227' title='bbox 644 3061 691 3111; x_wconf 83' lang='lat' dir='ltr'>etc.</span> <span class='ocrx_word' id='word_1_228' title='bbox 709 3072 740 3126; x_wconf 76' lang='lat'>9,</span> <span class='ocrx_word' id='word_1_229' title='bbox 767 3056 813 3110; x_wconf 81' lang='lat' dir='ltr'>Ad</span> <span class='ocrx_word' id='word_1_230' title='bbox 836 3073 917 3112; x_wconf 86' lang='lat' dir='ltr'>crura</span> <span class='ocrx_word' id='word_1_231' title='bbox 934 3058 981 3114; x_wconf 84' lang='lat' dir='ltr'>vel</span> <span class='ocrx_word' id='word_1_232' title='bbox 1003 3058 1082 3114; x_wconf 82' lang='lat' dir='ltr'>tibris</span> <span class='ocrx_word' id='word_1_233' title='bbox 1105 3058 1129 3114; x_wconf 85' lang='lat' dir='ltr'>si</span> 
     </span>
     <span class='ocr_line' id='line_1_31' title="bbox 115 3124 1130 3197; baseline 0.005 -17"><span class='ocrx_word' id='word_1_234' title='bbox 115 3124 214 3180; x_wconf 87' lang='lat' dir='ltr'>dolent</span> <span class='ocrx_word' id='word_1_235' title='bbox 235 3125 282 3181; x_wconf 82' lang='lat' dir='ltr'>vel</span> <span class='ocrx_word' id='word_1_236' title='bbox 304 3127 415 3181; x_wconf 76' lang='lat' dir='ltr'>lumeni</span> <span class='ocrx_word' id='word_1_237' title='bbox 431 3128 462 3194; x_wconf 83' lang='lat' dir='ltr'>d,</span> <span class='ocrx_word' id='word_1_238' title='bbox 489 3143 559 3196; x_wconf 76' lang='lat' dir='ltr'>quac</span> <span class='ocrx_word' id='word_1_239' title='bbox 576 3143 610 3182; x_wconf 83' lang='lat' dir='ltr'>eac</span> <span class='ocrx_word' id='word_1_240' title='bbox 632 3128 693 3196; x_wconf 78' lang='lat' dir='ltr'>ipso</span> <span class='ocrx_word' id='word_1_241' title='bbox 710 3127 793 3181; x_wconf 77' lang='lat' dir='ltr'>initio</span> <span class='ocrx_word' id='word_1_242' title='bbox 820 3128 938 3197; x_wconf 80' lang='lat' dir='ltr'>capitoli</span> <span class='ocrx_word' id='word_1_243' title='bbox 960 3130 992 3184; x_wconf 83' lang='lat' dir='ltr'>dc</span> <span class='ocrx_word' id='word_1_244' title='bbox 1009 3131 1130 3184; x_wconf 79' lang='lat' dir='ltr'>talorum</span> 
     </span>
     <span class='ocr_line' id='line_1_32' title="bbox 114 3196 1127 3267; baseline 0.002 -15"><span class='ocrx_word' id='word_1_245' title='bbox 114 3196 207 3252; x_wconf 81' lang='lat' dir='ltr'>dolore</span> <span class='ocrx_word' id='word_1_246' title='bbox 225 3196 270 3263; x_wconf 76' lang='lat' dir='ltr'>(cf.</span> <span class='ocrx_word' id='word_1_247' title='bbox 292 3197 367 3252; x_wconf 78' lang='lat' dir='ltr'>Plio.</span> <span class='ocrx_word' id='word_1_248' title='bbox 387 3202 412 3251; x_wconf 80' lang='lat' dir='ltr'>ct</span> <span class='ocrx_word' id='word_1_249' title='bbox 426 3197 518 3253; x_wconf 81' lang='lat' dir='ltr'>More.</span> <span class='ocrx_word' id='word_1_250' title='bbox 528 3213 559 3266; x_wconf 81' lang='lat' dir='ltr'>p.</span> <span class='ocrx_word' id='word_1_251' title='bbox 574 3199 637 3267; x_wconf 77' lang='lat'>232)</span> <span class='ocrx_word' id='word_1_252' title='bbox 656 3199 740 3252; x_wconf 82' lang='lat' dir='ltr'>docta</span> <span class='ocrx_word' id='word_1_253' title='bbox 753 3201 825 3254; x_wconf 74' lang='lat' dir='ltr'>nont.</span> <span class='ocrx_word' id='word_1_254' title='bbox 856 3214 937 3255; x_wconf 73' lang='lat' dir='ltr'>cerm</span> <span class='ocrx_word' id='word_1_255' title='bbox 955 3205 1044 3254; x_wconf 83' lang='lat' dir='ltr'>cotem</span> <span class='ocrx_word' id='word_1_256' title='bbox 1062 3201 1127 3254; x_wconf 80' lang='lat' dir='ltr'>titu-</span> 
     </span>
     <span class='ocr_line' id='line_1_33' title="bbox 114 3266 1130 3339; baseline -0.004 -17"><span class='ocrx_word' id='word_1_257' title='bbox 114 3268 160 3322; x_wconf 80' lang='lat' dir='ltr'>lus</span> <span class='ocrx_word' id='word_1_258' title='bbox 177 3266 210 3320; x_wconf 79' lang='lat' dir='ltr'>in</span> <span class='ocrx_word' id='word_1_259' title='bbox 226 3268 350 3337; x_wconf 79' lang='lat' dir='ltr'>marpioe</span> <span class='ocrx_word' id='word_1_260' title='bbox 368 3269 523 3337; x_wconf 69' lang='lat' dir='ltr'>ademptos</span> <span class='ocrx_word' id='word_1_261' title='bbox 535 3284 611 3323; x_wconf 78' lang='lat' dir='ltr'>omre</span> <span class='ocrx_word' id='word_1_262' title='bbox 628 3269 661 3322; x_wconf 80' lang='lat' dir='ltr'>io</span> <span class='ocrx_word' id='word_1_263' title='bbox 673 3268 750 3324; x_wconf 77' lang='lat' dir='ltr'>codd.</span> <span class='ocrx_word' id='word_1_264' title='bbox 764 3271 898 3337; x_wconf 51' lang='lat' dir='ltr'>effluentis</span> <span class='ocrx_word' id='word_1_265' title='bbox 917 3270 1035 3339; x_wconf 79' lang='lat' dir='ltr'>capitoli</span> <span class='ocrx_word' id='word_1_266' title='bbox 1052 3279 1130 3320; x_wconf 73' lang='lat' dir='ltr'>mr</span> 
     </span>
     <span class='ocr_line' id='line_1_34' title="bbox 23 3337 1128 3461; baseline 0.005 -75"><span class='ocrx_word' id='word_1_267' title='bbox 23 3395 24 3400; x_wconf 42' lang='lat'>.</span> <span class='ocrx_word' id='word_1_268' title='bbox 114 3337 161 3461; x_wconf 53' lang='lat' dir='ltr'>§a</span> <span class='ocrx_word' id='word_1_269' title='bbox 183 3339 286 3406; x_wconf 77' lang='lat' dir='ltr'>mni)</span> <span class='ocrx_word' id='word_1_270' title='bbox 317 3338 400 3393; x_wconf 75' lang='lat' dir='ltr'>lollio</span> <span class='ocrx_word' id='word_1_271' title='bbox 422 3339 599 3408; x_wconf 77' lang='lat' dir='ltr'>praepositus</span> <span class='ocrx_word' id='word_1_272' title='bbox 624 3343 663 3392; x_wconf 81' lang='lat' dir='ltr'>eet</span> <span class='ocrx_word' id='word_1_273' title='bbox 698 3339 820 3407; x_wconf 77' lang='lat' dir='ltr'>(propter</span> <span class='ocrx_word' id='word_1_274' title='bbox 851 3344 942 3395; x_wconf 72' lang='lat' dir='ltr'>testeo</span> <span class='ocrx_word' id='word_1_275' title='bbox 973 3340 1128 3393; x_wconf 80' lang='lat' dir='ltr'>brevitatem</span> 
     </span>
     <span class='ocr_line' id='line_1_35' title="bbox 125 3407 1129 3490; baseline 0.001 -29"><span class='ocrx_word' id='word_1_276' title='bbox 125 3422 173 3490; x_wconf 81' lang='lat' dir='ltr'>oco</span> <span class='ocrx_word' id='word_1_277' title='bbox 199 3423 249 3462; x_wconf 78' lang='lat' dir='ltr'>eoo</span> <span class='ocrx_word' id='word_1_278' title='bbox 276 3409 345 3463; x_wconf 84' lang='lat' dir='ltr'>mole</span> <span class='ocrx_word' id='word_1_279' title='bbox 372 3410 518 3479; x_wconf 77' lang='lat' dir='ltr'>depulsus).</span> <span class='ocrx_word' id='word_1_280' title='bbox 593 3414 626 3464; x_wconf 85' lang='grc'>16</span> <span class='ocrx_word' id='word_1_281' title='bbox 651 3407 782 3464; x_wconf 74' lang='lat' dir='ltr'>cruribus</span> <span class='ocrx_word' id='word_1_282' title='bbox 796 3409 941 3465; x_wconf 82' lang='lat' dir='ltr'>-dolent</span> <span class='ocrx_word' id='word_1_283' title='bbox 968 3408 1067 3462; x_wconf 78' lang='lat' dir='ltr'>addidi</span> <span class='ocrx_word' id='word_1_284' title='bbox 1094 3423 1129 3462; x_wconf 76' lang='lat' dir='ltr'>eor</span> 
     </span>
    </p>
   </div>
   <div class='ocr_carea' id='block_1_8' title="bbox 169 3551 1150 3624">
    <p class='ocr_par' dir='ltr' id='par_1_18' title="bbox 169 3551 1150 3624">
     <span class='ocr_line' id='line_1_36' title="bbox 169 3551 1150 3624; baseline -0.003 -4"><span class='ocrx_word' id='word_1_285' title='bbox 169 3579 237 3620; x_wconf 76' lang='lat' dir='ltr'>Plbrii</span> <span class='ocrx_word' id='word_1_286' title='bbox 251 3582 344 3622; x_wconf 82' lang='lat' dir='ltr'>iunioris</span> <span class='ocrx_word' id='word_1_287' title='bbox 357 3582 475 3624; x_wconf 82' lang='lat' dir='ltr'>modiolus.</span> <span class='ocrx_word' id='word_1_288' title='bbox 951 3570 967 3617; x_wconf 81' lang='lat' dir='ltr'>b</span> <span class='ocrx_word' id='word_1_289' title='bbox 1063 3571 1072 3590; x_wconf 80' lang='lat'>⁸</span> <span class='ocrx_word' id='word_1_290' title='bbox 1145 3551 1150 3558; x_wconf 44' lang='grc'><strong>”</strong></span> 
     </span>
    </p>
   </div>
   <div class='ocr_carea' id='block_1_9' title="bbox 0 0 1334 3878">
    <p class='ocr_par' dir='ltr' id='par_1_19' title="bbox 0 0 1334 3878">
     <span class='ocr_line' id='line_1_37' title="bbox 0 0 1334 3878; baseline 0 0"><span class='ocrx_word' id='word_1_291' title='bbox 0 0 1334 3878; x_wconf 95' lang='lat' dir='ltr'> </span> 
     </span>
    </p>
   </div>
  </div>
 </body>
</html>
