2640 3884
547 79 850 154 -333-·

429 259 527 313 tamen
545 248 720 311 habebimus
738 267 822 330 39313
839 256 952 310 certam
971 247 1089 328 salutis,
1107 265 1179 310 cum

427 357 465 402 ex
481 339 643 419 improvise
657 346 813 420 serpentes
832 341 963 402 saeviant
967 385 977 420 ‚
997 353 1179 400 333333333-

427 431 490 511 331,
512 427 680 509 9113133913,
704 433 735 488 ot
756 427 803 490 his
824 426 963 488 3333113333
986 427 1179 488 nocentiores

427 519 487 579 3131
499 518 624 578 venetici
641 516 770 578 hominis
788 533 915 578 morsus.
943 515 1085 576 adversus
1102 514 1179 576 haec
1311 567 1312 594 p

426 608 527 686 itaque
550 604 769 667 convertendus
788 612 834 667 est
853 607 969 666 animus
991 602 1207 666 instruendiss
1311 595 1312 612 ¹

427 693 582 780 remediis,
603 703 638 756 ut
660 702 799 774 appareat
821 693 1034 773 benignitatem
1052 699 1178 754 naturae

427 786 517 846 etiam
540 802 574 844 ea
597 783 750 844 mortifera
772 801 838 846 esse
862 782 1002 844 noluisse.

493 869 664 952 'tithymalli
691 891 782 934 sucus
805 871 871 932 oleo
900 869 1036 932 inlinitur
1058 871 1090 930 in
1113 869 1178 932 sole

427 960 614 1044 frequenter,
637 969 667 1022 et
689 959 819 1040 hyaenae
843 961 964 1040 sanguis
986 957 1132 1020 inlinitur.

492 1048 666 1112 Antidotum
683 1045 915 1111 mithridaticum
933 1047 1055 1109 laudant
1068 1046 1178 1109 medici
1194 1065 1222 1108 33

427 1138 551 1219 eiusque
579 1139 811 1218 compositiones
840 1138 971 1200 diversas
984 1137 1124 1198 731133331
1148 1145 1179 1198 31

426 1223 463 1288 ad
485 1226 717 1288 commendanda
740 1227 879 1306 migmata
896 1227 1028 1306 pretiosa
1050 1231 1178 1306 propter

425 1316 578 1377 raritatem
591 1317 727 1395 ingentes
740 1317 883 1396 pecunias
900 1321 1037 1395 poscunt.
1066 1331 1177 1393 appen-

425 1403 501 1466 dunt
514 1422 642 1486 namque
657 1404 788 1486 singulas
801 1403 892 1466 libras
901 1403 1013 1464 vicenis
1028 1403 1178 1464 sestertiis

298 1489 302 1496 ’
426 1501 456 1556 31
476 1493 640 1554 infelicium
659 1492 865 1556 credulitatem
882 1491 939 1552 hoc
958 1509 1077 1573 quoque
1093 1492 1177 1572 1393-
1193 1509 1220 1552 13

348 1637 351 1642 .
426 1581 475 1642 313
489 1583 727 1645 circumveniunt
740 1590 774 1644 ut
788 1578 846 1642 illis
859 1581 1059 1662 persuadeant
1073 1597 1177 1642 emere

299 1667 302 1672 ’
426 1688 501 1750 quae
520 1678 655 1732 noceant.
692 1670 893 1750 alienamque
913 1668 1099 1730 stomachum
1117 1668 1177 1730 lac·

425 1756 514 1840 dunt,
546 1758 601 1820 3113
628 1766 719 1839 caput
746 1759 918 1841 3119333331)
950 1757 1005 1818 3113
1031 1756 1178 1838 pallorem

425 1847 554 1908 31133331
585 1855 616 1910 31
643 1850 779 1928 corporis
806 1849 938 1910 maciem.
984 1848 1084 1927 itaque
1116 1847 1176 1907 ire-

425 1943 554 2016 quenter
576 1935 684 1998 accidit
706 1945 741 1998 ut
763 1939 791 1999 ei
818 1938 869 2015 qui
891 1935 1012 1997 illorum
1034 1936 1177 1997 antidotis
1191 1953 1220 1996 13

313 2079 319 2084 .
425 2026 473 2088 usi
510 2032 593 2109 sunt,
628 2027 768 2088 miserius
800 2032 990 2087 morerentur
1022 2042 1113 2104 quam
1151 2027 1178 2088 si

229 2237 244 2286 1
269 2232 375 2286 certem
397 2229 453 2300 9313
481 2246 531 2286 om.
554 2232 599 2288 31.
665 2237 680 2288 2
703 2229 1176 2316 31333393333131339119,

157 2300 358 2387 9131339111,
387 2300 766 2388 31313133931319111).
792 2300 1121 2372 131333113311331.

157 2374 297 2443 431319·
316 2371 470 2427 33313131.
495 2373 499 2439 Ι
523 2372 1178 2444 333313191131331333311331.139·

157 2447 256 2516 pereat
273 2444 346 2514 931
373 2440 551 2513 aperiente
607 2389 748 2502 1339311
775 2445 1178 2527 33313393113333(119)

156 2513 789 2586 331313339313333313133313313131111.
849 2513 1176 2600 8111933119-13-

156 2585 1178 2657 11311339133331.11113331339113111113133393313113313

155 2655 1177 2729 931(3131)33333131113133333311333333311393111111311313133·

155 2728 1178 2813 ytmeottmfmesepoattmemosemdmveteetcem

155 2746 492 2938 111313331313331,
510 2800 1058 2884 pmmdimndirmpitoope'tulpmpo
1058 2801 1179 2860 31133133

156 2875 265 2928 taum
278 2816 1097 2956 9333313313131133331131113333391339111113113333
1113 2889 1138 2929 r.

157 2947 190 2997 11
210 2940 334 2996 dieseon
354 2939 477 3000 31133331
499 2941 716 3025 compositiones
733 2943 778 2998 31.
803 2943 1016 3010 laeserunt·
1044 2945 1088 3011 (333
1107 2942 1177 3002 3113-

156 3011 797 3085 3331)11131933313311933.3331331
867 3019 954 3072 litor
990 3012 1175 3072 3111313313

155 3080 353 3140 crudelitatem
377 3083 448 3166 913.
477 3030 840 3153 11333-31333333331331
866 3100 917 3142 om.
941 3101 958 3140 3
983 3086 1052 3153 (non
1082 3085 1120 3154 1).

157 3153 579 3226 1133339.3331333(333331)
631 3156 976 3228 temput-neciemrz
995 3157 1089 3240 caput
1116 3155 1178 3240 3113

216 3241 295 3282 orem
312 3223 440 3282 efferunt
472 3226 630 3297 3193333331
651 3175 866 3298 (3991333311)
890 3229 920 3284 31
937 3242 1061 3296 corporis
1080 3227 1176 3284 macte

154 3313 413 3439 corppprpom
283 3295 375 3352 macie
390 3298 421 3380 31)
440 3297 482 3367 931
495 3298 598 3438 loappt
613 3299 881 3440 mmmm
802 3298 860 3354 3113
877 3316 905 3370 p
919 3296 1052 3368 31133331,
1071 3313 1175 3368 39933-

155 3439 212 3508 331)
154 3366 413 3510 mttogtaqoe
419 3383 581 3510 9110111113
589 3370 881 3497 rxmett'umque
743 3439 782 3496 31.
800 3440 831 3497 hi
844 3441 934 3511 9131.
