2588 3886
178 330 266 402 atque
291 340 327 383 ex
349 320 451 382 herbis
474 321 605 382 odoratis
628 320 719 381 aridis
742 338 811 380 cnm
834 318 894 379 sale
918 320 1093 398 compositio
1117 321 1204 384 talis

177 417 371 491 praeparatur
389 427 439 470 vas
458 409 543 470 bene
554 410 682 470 solidum
700 427 734 468 ao
753 407 829 468 bene
844 411 974 487 picatum
989 425 1082 486 capax
1100 411 1208 472 trium

177 499 224 560 vel
247 507 388 579 quattuor
412 498 593 580 modiorum,
617 504 835 575 sumunturque
860 495 970 557 herbae
993 497 1092 558 aridae
1116 498 1206 560 bene

180 589 294 650 olentes
317 596 378 649 tam
406 587 443 647 de
465 586 554 647 horto
582 604 671 665 quam
698 585 734 645 de
758 603 843 666 agro,
870 591 977 664 utputa
1000 592 1121 647 anetum
1146 605 1206 648 co—

178 676 326 740 liandrum
358 674 522 736 feniculum
551 676 651 754 apium
683 676 813 735 satureia
842 673 966 734 sclareia
997 681 1064 734 ruta
1092 685 1241 738 mantas

178 766 368 846 sisymbrium
391 765 563 842 ligusticum
584 763 717 842 puleium
736 761 901 840 serpullum
922 763 1076 841 origanum
1099 772 1204 824 vetto-

177 858 246 916 nica
272 855 454 934 argemonia,
487 860 518 912 et
549 871 586 912 ex
613 852 660 911 his
691 849 838 911 infundo
865 853 942 912 vasis
971 846 1086 930 primus
1118 853 1203 916 ordo

179 945 390 1004 consternitur.
427 950 490 1002 tum
515 959 551 1001 ex
575 940 707 1020 piscibus
726 941 751 999 si
770 940 901 999 minores
924 940 1037 1000 fuerint
1058 941 1202 1024 integris,

179 1035 204 1092 si
227 1033 354 1092 maiores
372 1033 404 1090 in
425 1031 520 1091 frusta
539 1031 666 1090 concisis
685 1027 759 1088 alter
777 1027 850 1087 ordo
870 1031 1066 1106 componitur.
1101 1048 1202 1110 super

178 1121 258 1181 hunc
277 1121 385 1180 tertius
405 1117 478 1178 ordo
502 1117 573 1193 salis
593 1117 690 1178 binos.
703 1117 811 1196 digitos
830 1115 907 1178 altus
931 1117 1066 1178 adicitur.
1103 1125 1199 1198 atque
1218 1137 1249 1175 ιο

178 1211 209 1269 in
232 1209 313 1269 hunc
336 1206 457 1268 modum
479 1206 526 1266 his
555 1206 651 1267 tribus
674 1204 835 1266 herbarum
859 1213 890 1266 et
912 1207 1039 1284 piscium
1063 1205 1194 1286 salisque

177 1291 333 1358 ordinibus
361 1308 452 1378 supra
477 1297 605 1355 invicem
633 1293 849 1355 alternantibus
875 1312 926 1354 vas
954 1301 1000 1354 est
1027 1291 1128 1374 'usque
1157 1295 1196 1356 ad

179 1388 378 1447 summitatem
402 1381 598 1465 implendum,
623 1391 686 1444 tum
709 1383 807 1444 addito
829 1383 971 1464 operculo
995 1383 1197 1446 claudendum
1288 1403 1289 1454 1

178 1483 267 1554 atque
291 1477 408 1554 ita'per
431 1472 495 1534 dies
516 1463 631 1553 septem
652 1471 868 1533 dimittendum.
907 1470 1016 1552 quibus
1035 1476 1199 1535 transactis
1288 1507 1289 1512 1

177 1582 232 1643 per
256 1565 414 1624 continuos
437 1564 540 1640 viginti
563 1561 628 1624 dios
650 1561 779 1624 cottidie·
795 1559 844 1622 bis
864 1560 981 1622 velter
1002 1561 1069 1639 palo
1092 1560 1196 1640 ligneo
1215 1579 1244 1618 15

178 1655 209 1712 in
232 1652 354 1712 modum
376 1652 452 1710 remi
475 1652 601 1711 formato
622 1651 796 1729 compositio
817 1651 874 1709 ista
892 1668 989 1729 usque
1008 1649 1043 1710 ad
1067 1650 1199 1712 fundum

178 1748 225 1800 est
248 1739 466 1800 commovenda.
504 1738 612 1817 quibus
631 1734 878 1818 expletis'liquor
901 1741 952 1825 qui
975 1739 1011 1798 de
1033 1735 1089 1799 bac
1104 1737 1197 1800 com-

178 1831 326 1908 positione
350 1827 472 1888 defluxit
500 1827 649 1906 colligitur
677 1835 765 1906 atque
789 1829 820 1886 in
847 1826 928 1891 huno
951 1825 1073 1888 modum
1096 1847 1133 1888 ex
1158 1847 1197 1889 eo

178 1909 328 1995 liquamen
355 1915 401 1976 vel
429 1933 610 1995 oenogarum
638 1917 802 1976 coniicitur.
850 1921 1010 1977 sumuntur
1035 1915 1126 1978 buius
1160 1918 1195 1977 li-

179 2008 281 2084 quoris
302 2006 418 2066 sestarii
442 2004 500 2065 duo
520 2012 551 2076 et
568 1999 637 2065 cuin
656 2005 777 2065 dimidio
795 2001 867 2088 boni
884 2001 947 2065 vini
965 2007 1088 2078 sestario
1113 2023 1195 2067 com·
1214 2021 1242 2061 20

179 2097 364 2175 miscentur,·
381 2103 443 2154 tum
464 2101 604 2172 quattuor
622 2092 782 2154 herbarum
804 2093 954 2154 aridarum
973 2094 1082 2174 singuli
1101 2097 1195 2158 mani·

180 2183 242 2262 puli
269 2186 300 2243 in
328 2183 405 2244 banc
429 2184 587 2244 mixturam
615 2183 797 2264 coiciuntur,
825 2177 904 2242 aneti
927 2182 1064 2246 videlicet
1091 2191 1122 2246 et
1146 2201 1194 2244 co·

109 2307 112 2318 ι
179 2269 285 2331 liandri
313 2279 344 2332 et
371 2273 516 2332 satureiae
547 2275 635 2350 atque
664 2269 811 2332 sclareiae'.
858 2271 919 2331 seni
947 2274 1046 2350 graeci
1074 2289 1194 2352 quoque
1288 2309 1289 2360 p

179 2360 300 2420 seminis
327 2358 458 2438 pugillus
480 2377 559 2420 unos
583 2359 722 2442 adicitur,
750 2367 780 2420 et
808 2359 844 2420 de
868 2358 1050 2442 aromatibus
1079 2364 1195 2443 piperis
1288 2373 1289 2426 i

179 2467 269 2527 grana
298 2449 420 2528 triginta
443 2447 489 2522 vel
517 2447 722 2530 quadraginta,
750 2451 825 2511 costi
852 2449 951 2528 pondo
980 2449 1094 2510 denarii
1122 2457 1195 2532 tres,
1210 2464 1237 2503 2⁵

179 2539 308 2598 cinnami
331 2537 479 2618 similiter,
503 2535 683 2618 carpophylli
706 2537 851 2599 similiter.
888 2535 961 2598 haec
984 2540 1098 2599 minute
1124 2557 1194 2601 con·
1288 2537 1289 2584 ἒ

179 2628 249 2686 trita
277 2626 374 2688 eidem
401 2625 512 2706 liquori
533 2629 761 2706 permiscentur.
797 2633 863 2687 tum
890 2625 936 2686 vel
965 2627 997 2685 in
1023 2625 1126 2687 ferreo
1149 2627 1194 2687 vel

180 2717 210 2775 in
234 2733 322 2776 aereo
341 2733 408 2776 vase
428 2717 603 2795 compositio
627 2715 700 2776 haec
723 2723 784 2776 tam
803 2714 855 2774 diu
874 2713 1029 2794 coquenda
1051 2723 1098 2776 est
1122 2734 1192 2795 quo·
1288 2739 1289 2750 1

180 2822 275 2882 usque
299 2803 443 2882 adonius
461 2805 579 2866 sestarii
603 2822 772 2883 mensuram
790 2804 951 2882 perveniat.
986 2805 1071 2882 prius
1095 2811 1192 2866 tamen
1288 2793 1289 2802 ¹

180 2910 268 2970 (loram
291 2881 491 2970 percoquatur
510 2892 605 2953 mellis
626 2892 793 2972 despumati
817 2890 955 2952 selibram
978 2893 1009 2952 in
1030 2911 1095 2953 eam
1119 2893 1232 2955 adicio

179 2988 306 3059 oportet.
349 2997 425 3058 quac
455 2996 523 3042 cum
550 2989 689 3061 percocta
718 2982 811 3041 inerit·
841 2996 924 3041 more
955 2983 1112 3060 potionum
1141 2999 1194 3062 per
1288 3001 1289 3015 ¹

252 3226 266 3276 1
286 3219 367 3276 hobia
387 3223 446 3291 (stc)
464 3239 489 3277 o.
557 3228 573 3276 6
591 3222 721 3277 vetonica
739 3221 896 3293 argimonia
913 3239 960 3293 ga.
1016 3229 1031 3277 7
1050 3223 1138 3279 vasis:
1156 3225 1195 3279 sic

178 3311 224 3362 po.
281 3297 317 3348 11-
333 3291 456 3362 pireibus
474 3309 505 3362 9,
523 3292 643 3362 piscium
661 3311 684 3349 c.
748 3300 849 3350 14v11.
868 3310 892 3348 o.
954 3299 1193 3364 ltxx.v.1co-

178 3363 249 3419 tidie
267 3381 291 3418 c.
313 3365 318 3432 Ι
338 3363 406 3433 pale
424 3363 519 3433 lignee
538 3407 543 3418 .
559 3406 565 3420 .
581 3405 588 3418 .
607 3364 729 3420 formata
746 3381 791 3434 qo,
861 3370 895 3420 19
915 3381 1079 3436 omogarum
1098 3383 1145 3436 po.

179 3441 214 3489 ‘20
228 3435 294 3490 vino
307 3451 332 3504 9.
379 3439 414 3490 25
428 3455 490 3490 xxx.
505 3437 518 3486 i
533 3453 582 3488 mn.
601 3451 626 3490 v.
642 3437 647 3502 Ι
662 3456 705 3490 111.
719 3453 743 3490 v.
790 3442 824 3491 26
844 3436 962 3492 cariofili
977 3453 1008 3506 y,
1026 3436 1155 3492 cefioioli
1169 3451 1193 3490 v.

183 3504 321 3577 {contrite
340 3505 386 3560 ido
405 3523 428 3559 v.
484 3509 518 3559 28
537 3521 604 3578 vesp
622 3521 646 3559 v.
682 3512 716 3560 29
732 3507 832 3562 reatori
848 3524 871 3561 c.
