2640 3884
488 194 729 259 4165—

103 367 249 420 tormenta
278 356 434 420 subeunda
457 367 535 419 sunt.
578 357 629 418 sed
652 358 709 418 hoc
738 375 847 438 genere
871 359 1012 418 tormenti

102 457 130 508 et
151 465 241 508 umor
264 449 372 527 capitis
391 449 535 508 avertitur
558 449 610 526 qui
629 449 800 507 caecitatem
819 445 914 507 oculis
933 463 1011 506 com·

101 538 229 597 minatur
262 538 377 616 quique
410 535 562 598 stomacho
594 544 683 615 atque
710 535 845 614 pulmoni
872 552 941 595 acer
968 537 1011 595 in·

101 624 226 686 stillatus
259 624 390 687 letaliter
421 624 458 686 ad
493 624 615 704 pthisim
642 626 813 704 praestruit.
861 633 890 685 ct
922 642 1012 684 coxae

78 712 217 775 adolores
237 732 296 795 per
310 715 423 776 vesicas
438 721 468 774 et
486 712 622 792 pustulas
641 711 833 794 digeruutur,
851 720 882 773 et
901 711 1012 791 splenis

101 809 198 863 tumor
232 803 362 863 solvitur
394 821 428 862 ac
459 804 627 862 iocinerum
659 801 821 880 indignatio
854 800 1013 882 relaxatur,

102 899 129 951 et
159 891 338 972 hydropicis
369 893 507 952 innatans
536 909 623 951 umor
655 892 714 950 iam
743 908 803 951 non
836 907 1013 950 reversurus

101 979 246 1042 hauritur.
300 982 384 1042 aiunt
415 988 445 1041 ct
477 977 655 1059 lethargicos
692 980 828 1060 excitari,
865 980 891 1038 si
921 978 1013 1057 pedes

102 1085 204 1129 eorum
228 1069 322 1130 simul
344 1071 423 1131 tritis
447 1070 542 1148 sinapi
566 1076 596 1128 et
619 1068 675 1128 nco
700 1068 781 1128 arida
804 1067 1013 1147 periricentur.

79 1174 153 1217 onos
180 1160 307 1220 interim
336 1157 371 1218 de
396 1176 468 1218 suco
495 1157 588 1218 locuti
616 1145 720 1218 suimus
744 1159 796 1236 qui
823 1158 936 1216 semine
964 1173 1013 1215 ex-

103 1247 254 1329 primitur,
284 1246 433 1308 admixtus
461 1245 575 1306 scilicet
603 1264 683 1306 nunc
711 1264 803 1325 aquae
827 1264 907 1306 nunc
935 1243 1016 1304 melli

104 1335 127 1393 si
147 1353 221 1395 usus
247 1337 391 1415 exegerit.
429 1341 475 1396 cst
493 1343 524 1395 et
541 1333 620 1394 aliud
644 1335 724 1413 quod
744 1353 779 1394 ex
799 1333 882 1395 caule
904 1332 1014 1412 colligi·

104 1429 163 1482 tur:
186 1421 236 1484 hic
257 1425 505 1504 commonuerit,
528 1421 652 1483 lacteam
673 1423 743 1482 lacit
761 1430 889 1502 guttam,
911 1419 1015 1481 utilem

105 1509 241 1576 dentibus
262 1516 289 1574 si
312 1515 343 1573 in
363 1511 465 1572 dolore
484 1509 650 1572 mandatur.
687 1510 806 1591 elegans
825 1529 861 1570 ex
881 1528 916 1570 eo
935 1509 1016 1570 velut

74 1617 95 1654 15
108 1600 272 1663 antidotum
286 1600 401 1662 Plinius
415 1601 514 1661 tradit.
542 1618 611 1660 nam
625 1618 728 1662 semen
742 1601 853 1679 sinapis
868 1596 1014 1660 ciusdem·

105 1701 159 1764 que
183 1691 303 1752 radices
331 1692 362 1750 in
385 1697 484 1750 musto
512 1691 659 1750 contineri
681 1688 779 1751 iubet:
806 1686 863 1748 hoc
887 1686 1016 1750 colatum
1047 1703 1050 1726 ³

104 1783 185 1852 putat
212 1778 345 1840 dandum
372 1780 451 1838 vitiis
480 1778 610 1839 laucium
640 1776 785 1839 stomachi
812 1779 917 1858 capitis
945 1775 1015 1838 ocu'-

105 1861 211 1949 lorum,
230 1869 347 1948 potioni
366 1865 487 1927 modum
507 1869 609 1930 statuit
629 1874 773 1947 quantum
786 1885 892 1927 manus
910 1865 1015 1945 plenae

174 2227 190 2276 2
210 2227 240 2279 et
258 2225 361 2278 humor
383 2221 518 2291 (umora)
541 2223 606 2291 θυῖε
630 2222 731 2275 humor
750 2223 810 2289 (om.
831 2221 869 2288 et)
887 2221 933 2276 rh.
988 2227 1004 2276 3
1023 2224 1122 2292 alque:

109 2293 194 2374 autc.
242 2303 261 2350 4
280 2293 422 2350 loetaliter
438 2309 476 2363 θυ
495 2292 649 2374 (lethaliter
663 2295 700 2361 r),
719 2292 824 2347 loetale
841 2291 895 2348 iter
912 2294 930 2347 ῖ.
947 2291 951 2360 l
967 2293 1084 2363 pthisim
1097 2312 1123 2362 υ,

108 2362 200 2426 phorm
213 2383 245 2436 θ,
266 2365 362 2437 ρῖθεῖη
375 2365 459 2434 l(rh).
508 2368 523 2418 6
537 2363 693 2446 iecmorum
706 2364 764 2471 ripiu
799 2369 813 2417 7
828 2363 968 2434 ydropicis
981 2381 1012 2434 θε
1031 2364 1122 2420 hidro-
1146 2441 1164 2451 s

110 2472 184 2554 (ydro
198 2478 302 2549 l)picue
321 2480 361 2534 υῖ.
382 2480 387 2546 Ι
411 2478 541 2534 innatans
562 2478 662 2547 pota:
689 2479 808 2532 urhatue
833 2478 888 2545 (sic
909 2493 997 2546 supra
1015 2481 1082 2548 scr.)
1106 2481 1123 2547 ῖ,

109 2546 239 2604 moilens
258 2551 303 2605 rh.
325 2549 330 2616 1
350 2548 407 2606 iam
424 2549 539 2619 potor:
566 2552 627 2620 tam
646 2549 690 2604 rh.
751 2555 767 2604 8
785 2544 957 2618 lethargicos
976 2547 1057 2618 (Pl.):
1085 2549 1124 2604 le-

109 2613 219 2688 thargos
236 2622 292 2692 θυῖ
310 2621 350 2690 (b,
368 2619 514 2692 lythargos
533 2621 566 2690 r).
618 2627 633 2674 9
654 2618 758 2690 sinapi:
777 2620 817 2673 sic
835 2617 964 2688 θυῖ(υῖ)).
982 2621 986 2686 1
1002 2618 1055 2674 fico
1073 2635 1123 2688 θυε

110 2682 160 2762 lieu
177 2691 188 2743 ῖ
203 2692 272 2762 (rb).
290 2695 294 2761 Ι
310 2692 390 2747 arida
407 2694 522 2762 potor:
542 2691 632 2746 ariola
649 2692 703 2761 rb.
742 2695 775 2743 10
793 2689 853 2744 Nos
871 2689 936 2759 θυῖε
960 2689 1043 2744 Nunc
1061 2689 1122 2761 rh}

110 2757 222 2818 1nterius
241 2764 258 2818 ῖ.
325 2770 356 2818 11
381 2763 535 2818 admixtus:
555 2761 604 2817 lia
627 2763 682 2832 θυῖ
696 2761 760 2830 (rh).
782 2762 787 2828 l
811 2777 886 2832 aqup
910 2763 993 2830 (aque
1011 2761 1053 2830 υῖ)
1073 2802 1123 2815 ...

110 2825 268 2909 molliunt:
288 2850 363 2903 aqua
383 2875 433 2900 ...
452 2835 537 2890 melle
556 2835 601 2888 rb.
661 2838 694 2886 12
714 2831 839 2902 exegerit
856 2832 922 2900 θυῖε
952 2829 1041 2901 exigit
1057 2833 1101 2888 rh.
1120 2833 1123 2905 l

111 2895 184 2955 ahud
202 2905 280 2973 quod
296 2905 412 2976 poton
441 2905 513 2960 alius
531 2904 581 2975 qui
600 2904 644 2959 rb.
667 2907 670 2972 Ι
696 2919 730 2959 ex
747 2902 814 2972 θυῖε
842 2918 893 2958 om.
911 2902 955 2957 rh.
1013 2909 1046 2957 13
1065 2903 1124 2958 hie:

111 2963 160 3024 l1⁰0
171 2973 222 3053 ῤ’.
240 2979 245 3045 Ι
260 2975 398 3032 inaruerit
414 2975 581 3046 (inharuerit
592 2979 621 3047 θ)
639 2977 704 3044 θυῖε
724 2972 961 3044 innundantia,
979 2991 1125 3045 expressus

111 3035 193 3126 luerit
209 3049 253 3104 rh.
310 3053 344 3102 14
361 3047 511 3104 mandatur
528 3049 572 3102 υῖε
591 3045 743 3101 mundatur
762 3046 833 3114 (υυυι
851 3063 870 3099 u
888 3061 921 3100 ex
940 3063 957 3101 a
976 3049 1080 3116 operto)
1098 3062 1124 3116 θ,

112 3106 244 3172 sshnatur
261 3119 306 3174 rh.
328 3121 333 3189 l
357 3119 582 3189 Elegans—(lo)
601 3135 667 3173 nam
685 3117 751 3187 θυῖε
779 3115 882 3185 Fitque
906 3118 1020 3188 elegans
1039 3133 1124 3172 exeo

113 3181 265 3244 annuorum
283 3189 356 3245 sicut
369 3189 514 3245 docuimus
541 3191 590 3258 (cic
608 3187 781 3244 discimulato
803 3189 912 3244 nomine
927 3189 1029 3256 Plinii)
1043 3188 1088 3242 rb.

114 3255 145 3326 lb
167 3259 270 3316 semine
296 3303 303 3316 .
381 3260 524 3316 radicibus
546 3277 569 3315 r.
630 3266 664 3315 16
686 3258 717 3314 in
734 3261 828 3314 musto
846 3276 897 3329 θυε
924 3257 985 3315 uini
1002 3258 1088 3312 musti
1107 3258 1125 3325 ῖ,

114 3333 142 3374 1u
168 3343 261 3387 museo
288 3333 333 3387 rh.
358 3334 363 3402 Ι
392 3331 529 3388 coniineri
548 3332 683 3402 -putal
703 3331 769 3400 θυῖε
802 3346 853 3386 om.
881 3330 926 3385 rh.
995 3335 1029 3384 1‘1
1058 3328 1124 3383 dan·

115 3388 176 3449 dum
202 3403 267 3472 θυῖε
294 3403 340 3472 (in
366 3404 475 3473 musco)
503 3403 586 3459 datur
608 3401 653 3458 rh.
735 3407 770 3457 18
792 3401 909 3457 modum
935 3398 1037 3454 statuit
1058 3401 1126 3468 θυῖε

115 3467 193 3598 ἓξὲξ
218 3475 323 3602 ptptuto
350 3475 398 3530 rh.
430 3473 434 3546 Ι
466 3473 567 3545 plenae
600 3477 667 3548 (mg
693 3488 724 3542 θ,
757 3489 808 3528 ·ne
837 3473 861 3543 l)
893 3487 1023 3526 mensura
1049 3471 1125 3541 θυῖε
