2588 3886
568 121 810 184 -174-
1264 63 1266 142 l

194 275 287 330 Dicae.
357 289 512 346 XXXV1.
543 291 593 345 De
615 291 744 356 thym-

203 351 272 415 a,38.
359 407 505 488 Thymllffl
531 410 610 469 intes
634 426 668 467 ea
696 415 778 468 recte
807 410 929 488 ponitur
957 426 1033 488 quae
1055 410 1192 470 virtutem

292 496 414 557 calidam
447 496 534 558 simul
561 504 771 576 austeramqne
804 499 909 558 sortita
940 503 1019 558 sunt.
1063 499 1095 557 in
1130 497 1191 557 cibo

290 594 443 664 sumptum
479 585 634 665 caliginem
671 585 808 667 discutit,
846 584 1007 646 lumbricos
1044 587 1193 667 interimit,

290 676 407 735 ruinam
439 674 567 756 inpellit,
599 681 752 734 menstrua
780 674 898 734 seminis
932 682 1085 756 provocat,
1118 676 1193 736 uteri
1267 671 1268 692 ³

290 762 431 842 reliquias
454 762 555 824 vulvae
585 762 775 823 inhaerentes
798 762 844 822 vel
870 766 951 842 ipsos
973 771 1076 842 partus
1100 773 1214 824 emor-⁵

290 859 358 912 tues
377 851 513 913 extrahit.
545 853 649 913 tritum
670 868 739 911 cum
753 850 839 912 melle
855 860 885 911 et
899 851 935 910 ad
951 852 1071 913 modum
1089 850 1192 932 ligulae
1268 925 1269 930 ἵ

290 940 389 1001 datum
420 939 556 1019 flegmata
585 942 617 1000 in
640 939 707 1000 cibo
730 939 825 1001 solvit.
862 942 967 1001 tritum
995 959 1031 1000 ex
1059 948 1144 1001 aceto
1167 946 1194 1000 et
1268 941 1269 946 ’

289 1031 450 1108 inpositum
479 1029 584 1089 eodem
607 1028 695 1089 modo
718 1028 841 1108 papulas
871 1029 953 1108 fugat
977 1038 1006 1088 et
1036 1031 1193 1090 eminentia

289 1117 405 1178 excidit.
438 1119 564 1178 mixtum
581 1116 719 1196 polentae
744 1125 774 1178 et
797 1119 828 1177 in
849 1119 917 1178 vino
941 1126 1124 1178 maceratum
1147 1135 1191 1177 co-

288 1224 400 1286 xaeque
420 1206 538 1268 iervens
557 1207 779 1285 superpositum
799 1205 968 1266 ischiadicis
988 1205 1118 1267 salutare
1142 1215 1191 1266 est.
1204 1217 1223 1256 ιο
1269 1233 1270 1242 ¹

99 1419 101 1430 .
191 1357 268 1498 25³2,
354 1371 528 1430 mvn.
560 1373 609 1427 De
632 1371 781 1441 origano.

356 1490 485 1570 Origano
508 1490 614 1552 Graeci
641 1493 699 1551 tria
721 1492 840 1550 nomina
862 1497 1041 1570 posuerunt,
1071 1509 1109 1550 er
1132 1491 1192 1568 qni·

288 1578 344 1639 bns
374 1597 467 1640 unum
494 1582 730 1660 tragoriganum,
760 1578 838 1640 ahud
868 1577 1044 1660 heraclium,
1072 1579 1191 1639 tertium
1271 1626 1272 1668 ,

287 1669 399 1728 onitem
422 1678 609 1729 vocaverunt.
651 1667 708 1728 sed
734 1667 783 1728 illa
810 1668 930 1727 maioris
958 1667 1078 1727 virtutis
1107 1674 1191 1745 atque
1271 1671 1272 1700 l

288 1756 436 1816 efficaciae
460 1758 631 1818 sentiuntur
654 1758 686 1816 in
708 1758 823 1818 ratione
844 1754 1020 1836 medicinae,
1043 1755 1102 1816 hoc
1125 1756 1189 1816 sati

287 1862 357 1904 vum
380 1846 466 1906 cirins
493 1863 548 1906 nos
570 1846 760 1906 meminimus
788 1843 937 1924 aliquanto
964 1845 1114 1906 infirmius
1136 1842 1190 1904 illis
1203 1853 1223 1894 1⁵

287 1932 401 1994 scihcet
424 1942 634 2014 comparatum.
676 1942 812 1995 ceterum
834 1951 891 1994 nec
917 1935 1016 2012 ipsum
1044 1935 1110 1994 sine
1133 1932 1190 1992 acri

286 2023 398 2083 virtute
432 2025 568 2114 sentitur.
616 2041 653 2083 ex
681 2025 749 2083 vino
777 2020 843 2083 alho
873 2023 979 2083 tritum
1009 2023 1041 2080 in
1073 2023 1189 2102 potione

211 2209 254 2277 (014
348 2217 481 2292 Thymnm
509 2219 637 2274 virtutem
666 2215 747 2274 hahet
774 2216 886 2274 calidam
913 2224 943 2272 ut
970 2231 1093 2290 ysopus„
1129 2214 1187 2276 cali·

179 2279 376 2376 Ampium
398 2301 523 2372 discutit,
546 2300 694 2358 lumbricos
716 2302 795 2374 eicit,
818 2302 921 2358 urinam
944 2300 1099 2374 compellit,
1121 2316 1188 2357 men·

179 2352 363 2452 ¹¹’¹²³)·nrua
393 2394 537 2460 provocat,
569 2385 655 2442 letum
684 2394 821 2442 mortuum
849 2385 966 2441 extrahit
993 2392 1021 2441 et
1047 2383 1221 2442 secundas.²⁰

286 2470 373 2546 pulvis
397 2471 454 2526 eius
478 2486 509 2526 ex
532 2471 594 2526 vino
621 2477 731 2544 potatus
836 2469 924 2545 pulvis
946 2469 1005 2526 eius
1029 2487 1092 2528 cum
1114 2465 1186 2525 mella

286 2557 384 2611 mixtus
407 2557 504 2611 tussim
528 2553 607 2634 tollit.

251 2766 264 2812 1
284 2758 458 2828 Thylihnum
475 2759 564 2828 pald:
584 2777 627 2813 -us
645 2758 689 2814 rb.
707 2758 711 2825 Ι
728 2772 762 2812 aa
779 2773 838 2827 epo:
857 2757 926 2812 haec
943 2756 1073 2839 poich).
1091 2758 1096 2825 Ι
1116 2753 1184 2810 reete

177 2829 252 2884 inter
269 2829 339 2884 haec
357 2831 402 2884 rh.
449 2835 465 2884 3
485 2829 627 2898 sumptum
645 2829 736 2897 pald:
755 2846 800 2882 -us
818 2829 862 2883 rb.
909 2834 927 2882 4
944 2827 1058 2896 inpellit
1071 2829 1131 2897 (oie)
1142 2840 1184 2895 po.

227 2900 845 2969 temortnospartusrh.lm01tu0sld.
919 2905 1012 2968 deep.
1035 2898 1120 2954 tritus

178 2969 1183 3040 datus...tritna...impositus...mixtus...mecerahn..·

177 3041 286 3112 positus
305 3082 312 3096 .
328 3079 356 3095 ..
376 3040 507 3097 salutaris
520 3043 558 3097 rh
577 3045 684 3109 (eontra
700 3042 797 3111 pald).
845 3047 878 3096 10
897 3039 1019 3096 amedeis
1037 3037 1182 3119 pelethi).

214 3119 246 3166 11
265 3113 419 3181 posuerunt
437 3113 547 3182 (posuai
569 3116 597 3184 o)
615 3114 681 3182 pol:
700 3128 743 3167 ·re
756 3114 801 3168 rb.
818 3113 822 3181 1
839 3128 873 3166 ex
885 3113 953 3181 pul:
971 3111 1046 3166 erh.
1094 3117 1125 3166 11
1138 3110 1182 3163 tn·

176 3183 239 3254 gori
266 3199 368 3238 eanum
390 3184 435 3240 rh,
461 3186 466 3251 1
490 3184 644 3240 heraclium
670 3185 716 3254 pt,
743 3183 877 3238 eraclium
899 3200 915 3236 o
938 3181 1075 3251 (eradium
1095 3181 1148 3249 rb).

213 3261 246 3310 13
265 3254 341 3310 oniti
354 3270 406 3324 pe,
425 3255 522 3311 oniten
535 3257 545 3310 t
555 3257 615 3325 (rh,
633 3254 724 3312 onitin
744 3255 808 3322 Pi).
826 3256 830 3321 Ι
845 3253 1018 3310 vocaverunt
1035 3255 1108 3322 (ho)
1120 3248 1179 3320 pol:

177 3342 218 3380 -re
236 3327 282 3381 rh.
299 3328 303 3395 Ι
318 3324 409 3381 virtue
428 3327 486 3396 (cic)
504 3343 528 3381 o.
576 3332 610 3381 14
628 3327 681 3382 hoc
698 3326 764 3396 pol:
783 3326 893 3382 om.rh.
910 3323 1054 3392 teatinum
1072 3324 1115 3381 est
1129 3337 1149 3375 c.
1163 3318 1178 3370 l.

213 3403 245 3451 15
265 3397 411 3467 eliquanto
424 3413 475 3467 pv:
494 3396 646 3466 aliquando
664 3399 714 3466 rb,
733 3413 783 3452 orn.
798 3397 816 3451 l.
873 3401 904 3450 li
923 3395 989 3450 rino
1007 3393 1084 3451 anim
1101 3409 1124 3448 a.
1138 3389 1178 3444 rb.

178 3465 296 3537 linitum
314 3469 345 3523 in
362 3485 413 3539 pv:
432 3468 531 3524 tritum
550 3468 626 3523 etin
644 3469 730 3537 rh().
